3200 5509
186 480 220 545 l':
229 484 263 543 C.
276 488 327 545 2⁴.
463 480 690 543 ANN'ALIUM
712 477 833 541 LIBER
852 478 1051 551 QUARTUS.
1264 492 1324 555 247

187 632 285 711 illos:
309 658 357 709 an
368 632 412 709 sit
427 634 554 733 aliquid
571 634 608 709 in
632 634 755 709 nostris
777 634 937 726 consiliis,
958 635 1125 735 liceatque
1148 635 1238 711 inter
1260 640 1320 713 ab·

187 766 324 847 ruptam
339 750 597 839 contumatiam,
621 767 656 825 et
679 746 835 823 deforme
850 750 1067 848 obsequium,
1090 777 1233 851 pergere
1253 754 1320 827 iter

186 865 370 939 ambitione
385 888 423 938 ac
442 864 600 963 periculis
614 890 772 939 vacuum.
808 870 859 937 At
874 865 1077 939 Messalinus
1094 869 1209 956 Cotta,
1224 868 1317 941 haud

188 978 305 1053 rnintls
328 978 425 1053 claris
441 978 639 1077 majorinus,
663 979 723 1051 sed
745 977 859 1051 animo
883 978 1048 1068 diversus,
1072 980 1202 1053 censuit
1224 988 1250 1023 ‘⁴
1263 1004 1318 1053 ca·

188 1098 215 1137 “
231 1092 380 1165 rendum
403 1092 706 1182 manconsulto,
733 1108 780 1164 ut.
794 1115 1003 1188 quamquam
1025 1092 1176 1165 insontes
1196 1094 1318 1192 magis·

188 1212 214 1249 ‘⁴
229 1222 347 1296 tratur,
364 1223 398 1279 et
413 1208 525 1303 eulpae
540 1207 657 1281 alienae
673 1206 788 1293 nescii,
810 1203 1071 1301 provincialibus
1086 1228 1239 1281 uxorum
1254 1207 1319 1281 cri·

186 1324 211 1363 ‘⁴
227 1318 388 1411 mlmllus,
404 1320 544 1417 perinde
560 1320 667 1416 quim
683 1318 751 1392 suis
766 1318 1032 1415 plecterentur.”

235 1526 294 1591 21.
319 1521 449 1593 Actum
465 1516 587 1595 dehinc
604 1518 648 1589 de
665 1513 852 1615 Calpurnio
866 1513 1004 1603 Pisone,
1025 1514 1132 1589 nobili
1155 1542 1194 1591 ac
1210 1514 1318 1593 feroci

180 1627 284 1701 vir0.¹
332 1632 364 1705 Is
385 1656 546 1729 namque,
562 1648 600 1705 ut
622 1630 735 1719 retuli,
760 1637 979 1705 “cessurum
1002 1655 1039 1703 se
1055 1633 1154 1705 Urbe
1178 1634 1224 1705 ob
1245 1630 1317 1707 fac·

185 1741 334 1819 “tiones
366 1747 638 1835 accusatorum,”
667 1746 703 1817 in
728 1764 847 1819 senatu
870 1743 1120 1817 clamitaverat:
1146 1763 1181 1818 et
1204 1744 1317 1843 spreti

183 1856 333 1953 potentii
361 1864 543 1959 Augusta,
567 1860 701 1933 trahere
725 1858 761 1933 in
788 1862 846 1959 jus
871 1858 1113 1955 Urgulaniam,
1144 1860 1318 1956 domoque

182 1970 347 2069 Principis
379 1973 493 2047 excire
524 1998 626 2079 ausus
657 1989 739 2047 erat.
790 1975 883 2071 Quae
914 1972 951 2045 in
978 1996 1129 2069 praesens
1159 1972 1318 2049 Tiberius

183 2082 323 2167 civiliter
338 2086 480 2160 habuit:
504 2089 565 2161 sed
580 2088 617 2160 in
632 2087 746 2161 animo
766 2087 963 2159 revolvente
984 2086 1062 2175 iras,
1086 2086 1186 2159 etiam
1203 2086 1230 2158 si
1253 2086 1316 2159 im·

181 2214 281 2297 petus
305 2198 498 2275 offensionis
514 2202 703 2302 languerat,
728 2199 894 2273 memoria
917 2200 1065 2273 valebat:
1089 2199 1250 2273 Pisonem
1266 2202 1314 2295 Q.

182 2310 334 2385 Granius
361 2313 480 2387 secreti
505 2315 670 2389 sennonis
691 2313 868 2402 incusavit,
896 2312 1081 2387 adversum
1107 2316 1316 2413 majestatem

182 2422 303 2499 habiti:
329 2414 517 2527 adjecitque
542 2438 566 2475 “
584 2429 621 2502 in
639 2432 744 2503 domo
768 2432 841 2527 ejus
862 2451 1033 2500 venenum
1057 2452 1145 2517 esee,
1167 2451 1316 2525 eumque

182 2538 337 2638 “gladio
362 2540 552 2617 accinctum
576 2543 715 2616 introire
740 2540 907 2635 curiam.”
960 2541 1080 2634 Quod,
1104 2557 1142 2612 ut
1168 2540 1315 2615 auocius

181 2676 277 2743 vero,
308 2654 534 2731 tremissum:²
568 2675 775 2745 ceterorum,
809 2680 887 2754 quae
909 2654 1017 2727 multa
1042 2654 1315 2743 cumulabantur,

180 2784 336 2865 receptus
348 2786 397 2845 est
412 2794 509 2861 reus3
535 2795 648 2869 neque
663 2786 833 2867 peractus,
845 2770 891 2839 ob
906 2770 1055 2840 mortem
1070 2784 1312 2865 opportunam.

181 2878 343 2955 Relatum
359 2900 393 2957 et
409 2886 452 2957 de
470 2886 587 2961 Cassio
603 2888 755 2960 Severo³
773 2882 890 2971 exule,
914 2882 974 2979 qui
996 2880 1143 2955 sordida
1159 2881 1314 2981 originis,

179 2994 342 3071 maleficae
359 2998 450 3089 vita,
465 3001 525 3073 sed
541 3001 660 3075 orandi
675 3000 820 3088 validus,
829 3022 891 3095 per
902 2996 1100 3073 immodicas
1110 2994 1312 3083 issiflficifissss

179 3124 218 3181 ut
238 3108 366 3209 judicio
391 3114 494 3213 Jurati
510 3114 671 3187 senatis*
697 3115 858 3187 Cretam⁵
884 3126 1112 3196 amoveretur,
1129 3108 1310 3183 effecerat:

177 3236 280 3321 atque
304 3223 372 3299 illic
401 3228 520 3301 eadem
548 3227 729 3315 actitando,
753 3224 903 3305 recentia
936 3240 1118 3318 veteraque
1152 3220 1230 3292 odia
1253 3211 1312 3293 adss

177 3334 293 3409 vertit:
320 3338 485 3439 bonisque
513 3358 650 3431 exutus,
674 3338 854 3417 interdicto
884 3336 956 3435 igni
974 3352 1077 3433 atque
1101 3332 1205 3432 aqui,
1227 3356 1314 3405 saxo

178 3444 353 3547 Seriphio⁶
377 3456 579 3529 consenuit.⁷

219 3592 228 3621 ¹
250 3596 350 3659 Feroci
359 3600 430 3662 viro.
456 3602 561 3663 Virum
576 3604 715 3681 intelligas
771 3599 876 3660 munt
892 3599 986 3677 iuopia
1007 3599 1135 3669 moritur,
1157 3597 1206 3657 cia
1219 3614 1315 3673 pam

177 3674 276 3734 fortem
301 3696 335 3736 ac
355 3680 424 3743 recti
449 3684 635 3765 pervicacem,
658 3702 714 3741 non
773 3682 892 3739 verrucla
904 3688 1054 3739 contectus.

176 3754 243 3811 ver&
265 3767 390 3819 atrocum
414 3774 443 3818 et
466 3764 590 3821 efferum.
641 3764 715 3821 Vide
810 3758 943 3819 “Jurnti
962 3756 1086 3818 renatis.
1128 3754 1223 3817 Jurati
1252 3772 1314 3831 sen,-

175 3834 283 3893 Anual.
299 3855 336 3895 11.
349 3844 399 3897 at.
771 3840 889 3897 tentiam
921 3858 1001 3897 sunm
1029 3838 1046 3895 e
1072 3832 1222 3912 republica
1245 3852 1312 3893 crae.

215 3909 430 3979 'Promissum
484 3920 571 3991 Quod
604 3933 716 3999 praeter·
772 3920 846 3977 vide
858 3918 933 3976 inire
945 3936 1010 3994 cap.
1023 3922 1073 3978 at.

175 3992 290 4053 missurn
311 4010 361 4067 ost,
378 4000 459 4073 quusi
480 4002 614 4075 atrocius,
626 4003 713 4079 quiam
811 3995 822 4029 ⁵
846 3997 967 4059 Cretum.
1008 3997 1095 4059 Nunc
1118 3991 1234 4051 Cardia.
1275 3993 1310 4051 In

176 4084 209 4131 ut
221 4092 317 4133 verum
327 4076 477 4139 videretur.
771 4076 846 4134 hanc
854 4072 1314 4139 insulamatuotusfuerntA.U.C.

215 4148 343 4214 ³Cossio
366 4156 478 4219 Severo.
519 4158 640 4217 Sordido
665 4160 715 4217 ho·
772 4152 843 4222 760.

176 4232 261 4300 mine,
274 4234 309 4291 de
322 4254 379 4311 quo
392 4238 495 4295 Annal.
509 4256 530 4295 1.
541 4244 590 4304 7‘2.
615 4240 712 4307 Quum
810 4228 824 4261 ⁶
837 4232 912 4291 Suro
924 4228 1060 4310 Seriphio.
1081 4230 1224 4307 Seriphos,
1233 4248 1312 4289 nuno

175 4308 274 4371 miseri
297 4314 401 4375 vixerit
419 4328 448 4373 ot
473 4319 641 4377 occubuerit
664 4328 716 4376 tes·
771 4310 888 4390 Serplu,
910 4332 998 4389 parva
1012 4312 1098 4388 AEgaei
1111 4309 1312 4381 marisinsulu,

176 4401 252 4452 tatur
284 4394 388 4455 Eusob.
415 4398 521 4457 Clrron.
546 4398 583 4455 nd
608 4416 715 4458 annum
772 4390 1073 4467 aequissumum.
1088 4386 1156 4453 563.

175 4482 309 4545 quartum
324 4474 505 4553 Olympiadis
518 4483 585 4535 202.
599 4477 715 4548 Tiberii,
804 4468 921 4532 filimi
933 4471 1027 4523 ‘M
1037 4469 1140 4519 mim
1147 4466 1254 4529 &filit-

178 4554 224 4619 19.
246 4552 356 4611 Curriru
378 4552 505 4627 Senam,
522 4564 619 4614 orator
639 4574 713 4631 egre·
794 4554 806 4569 ”
821 4558 981 4619 Conterit.
997 4558 1134 4615 Mortuus
1141 4567 1181 4614 eat
1191 4554 1314 4617 A-U.C.

171 4630 247 4706 gitta,
261 4631 308 4707 qui
323 4632 503 4699 Quintianum
521 4634 593 4693 illud
601 4654 715 4711 prouer-
771 4644 842 4709 785.
877 4637 987 4695 Tiberii
1014 4642 1060 4705 19.
1084 4646 1154 4695 teate
1178 4632 1314 4704 Eusebio,

173 4708 245 4767 lum
263 4710 379 4809 luserat,
400 4732 478 4773 xxv.
498 4714 574 4773 exilii
589 4714 715 4773 aurionno
774 4717 832 4775 loc.
846 4714 896 4779 cit.
