3200 5509
287 473 307 547 l,
684 538 690 548 ,
725 465 981 541 nummos

289 698 385 782 quae
413 696 524 753 nunc
555 672 699 749 extant
731 662 937 753 oonbrre:
980 660 1213 747 Romanam
1241 660 1418 745 adamae

289 812 541 927 peregrinam
562 804 781 919 pecumarn
800 830 897 885 cum
913 800 1078 885 Gallica
1091 805 1229 887 nasot
1247 802 1419 887 moneta

291 978 560 1063 componere:
598 961 642 1031 et
678 946 790 1057 quod
827 943 870 1027 in
908 946 989 1028 hoc
1023 949 1420 1032 commentationum

290 1122 437 1211 genere
475 1090 733 1176 utilissimum
763 1098 840 1185 est,
877 1114 1152 1187 nummomm,
1188 1087 1422 1197 inscriptio-

291 1268 406 1339 num,
433 1236 674 1344 scriptorum
706 1240 796 1313 tum
823 1226 1117 1327 Romanorum,
1144 1240 1233 1311 tum
1252 1230 1425 1313 Gracco-

292 1408 397 1481 rum,
423 1376 569 1460 Tacito
595 1373 845 1482 aequalium,
860 1381 934 1453 aut
964 1372 1249 1476 recentiorum,
1278 1382 1423 1457 aucto-

292 1529 427 1620 ritate,
472 1516 663 1603 Historias
704 1516 828 1601 fidem
864 1512 1084 1627 adstruere,
1128 1514 1346 1627 lucemque
1379 1512 1423 1597 ei
1578 1495 1579 1558 ³

205 1702 208 1711 ⁴
294 1661 531 1751 adfundere.

348 1945 466 2057 Opus
485 1968 654 2055 quoque
672 1943 763 2037 fuit,
783 1966 859 2051 pro
874 1949 1207 2050 argumentorum
1222 1938 1426 2053 dignitate

295 2102 340 2173 et
384 2087 574 2184 utilitate,
633 2083 863 2194 complures
908 2082 1211 2168 dissertationes
1256 2082 1424 2169 addere.

298 2230 549 2341 Expositum
577 2230 639 2311 cit
669 2239 713 2309 et
744 2226 988 2309 illustratum
1008 2220 1216 2307 Caesarum
1237 2209 1427 2324 stemma,

296 2400 349 2455 ne
361 2372 573 2455 nominum
588 2367 853 2453 multitudine
866 2376 910 2449 et
922 2363 1141 2450 indiscreta
1159 2367 1429 2461 similitudine

298 2515 608 2613 obscurarentur
645 2510 842 2593 Annales.
899 2508 1007 2593 Eam
1043 2510 1099 2592 ob
1145 2536 1231 2595 rem
1280 2511 1429 2595 addita

298 2655 450 2765 passim
500 2653 620 2764 plura
667 2652 748 2736 alia
795 2663 1024 2737 stemmata.
1080 2650 1149 2735 De
1183 2653 1428 2765 legionibus,

298 2822 439 2879 eorum
457 2822 628 2877 numero
645 2805 688 2879 et
707 2794 807 2897 locis
824 2794 953 2879 fusius
972 2805 1207 2895 tractatum,
1227 2806 1273 2879 ut
1287 2795 1429 2881 Histo·
1577 2827 1578 2830 ‘

297 2938 449 3035 riaruru
467 2935 560 3020 libri
578 2936 775 3025 inoffenso
793 2937 900 3046 pede
919 2950 1259 3045 percurrerentur.
1308 2938 1429 3053 Ejru·

299 3078 395 3163 dem
410 3078 663 3167 necessitatis
681 3078 761 3161 fuit
777 3076 1010 3188 expendere
1032 3080 1226 3166 ¹ararium
1235 3108 1432 3193 opesque

300 3219 597 3319 Romanorum,
625 3233 760 3305 stante
794 3221 1019 3331 republica,
1045 3230 1091 3305 ct
1118 3223 1196 3305 sub
1229 3222 1430 3336 Rrincipi·

301 3364 403 3467 bus3
431 3388 570 3461 eorum
589 3365 953 3464 censusetlustra,
972 3364 1184 3460 tributaet
1197 3366 1429 3479 vectigalia,
1576 3345 1577 3374 ⁷

301 3502 540 3615 Principum
554 3509 771 3619 congiaria,
792 3509 936 3594 Βοωω
949 3506 1288 3625 magnitudinem,
1306 3508 1432 3623 Capi·

302 3645 391 3749 tolli
419 3648 780 3759 magnificentiam,
808 3653 974 3763 aliaque
990 3652 1135 3751 multa,
1163 3677 1259 3761 quaa
1281 3653 1318 3737 si
1343 3681 1451 3741 non·

302 3790 561 3901 explicentur
578 3796 773 3895 curatius,
798 3824 932 3881 mores
960 3792 1305 3905 ususqueborum
1324 3805 1431 3881 um·

303 3958 452 4042 porum
464 3962 548 4020 non
561 3938 659 4021 satis
670 3932 1001 4051 intelligerentur.
1029 3937 1131 4049 Ipsa
1143 3938 1434 4047 quoquevitia

304 4073 418 4175 fuere
436 4080 715 4181 memoranda,
744 4082 1025 4170 Romanorum
1037 4082 1174 4179 luxus,
1192 4076 1373 4169 Neronis
1385 4078 1432 4168 iu

305 4220 430 4303 aurea
460 4219 586 4307 domo
617 4224 889 4338 prodigentia,
922 4236 968 4311 et
997 4222 1255 4336 inexplebilis
1273 4220 1433 4311 Vitellii
1575 4269 1576 4310 l

304 4359 415 4470 gisla
450 4360 555 4457 Haec
571 4367 682 4455 enim
692 4379 892 4481 portenta
906 4369 952 4455 in
968 4366 1297 4483 euidentissime
1313 4376 1433 4458 crant
