3200 5509
879 205 999 268 490
1455 192 1698 252 κοτε
1742 188 1841 247 ET
1883 188 2538 252 EMENDA‘rloNEs

966 385 1146 450 Car.
1188 393 1249 449 2.
1295 383 1502 448 Metus
1530 382 1890 448 crederetur.
1978 379 2056 445 In
2085 381 2237 447 MS.
2263 382 2429 447 Flor.
2459 382 2749 447 credetur.
2835 383 3100 450 Emenda-

879 501 1023 563 bant
1054 496 1339 562 Muretus
1362 506 1440 557 'et
1471 492 1747 571 Grotius,
1776 503 2094 556 cresceret.-
2140 491 2482 572 Mercerus‚
2509 492 2825 556 dederetur
2848 493 2938 557 vel
2962 495 3102 559 dide·

879 617 1081 671 retur.-
1156 604 1435 682 Savilius,
1506 613 1847 666 crearetur.-
1921 603 2206 680 Faernus,
2276 603 2557 666 oriretur.
2663 602 2937 666 Pichenae
2998 627 3107 668 nou

875 715 1160 802 displicet
1186 713 1425 797 vulgata
1451 712 1767 796 scriptura.
1836 712 1904 774 Si
1935 711 2082 796 quid
2108 712 2484 789 mutandum,
2516 709 2807 779 Savilium
2836 736 3106 796 sequerer.

880 827 1117 891 Eadem
1147 847 1390 910 quoque
1418 820 1832 900 Freinshemii‚
1856 821 2097 902 Ryckii,
2124 833 2186 882 et
2215 820 2452 884 Ernesti
2476 821 2783 884 sententia.
2872 821 3107 905 [Bipon-

879 936 984 999 tini
1009 935 1317 1016 corrigunt
1344 931 1671 1008 inderetur,
1695 929 1872 1016 idque
1904 929 2053 993 adeo
2079 930 2137 991 in
2162 943 2508 993 contextum
2537 930 2855 1014 recipiunt.
2943 930 3016 995 Β.
3037 930 3103 995 C.

884 1065 964 1108 n.
997 1065 1093 1108 vx.
1123 1045 1230 1107 62.
1317 1041 1544 1106 Nonne
1571 1039 1888 1122 legendum
1918 1037 2326 1123 cuderetur&

966 1151 1203 1217 Procul
1228 1149 1411 1216 Urbis
1440 1149 1771 1213 inlecebris.
1862 1148 2040 1212 Licet
2066 1147 2345 1234 praetoria
2372 1160 2561 1211 castra
2588 1149 2808 1211 fuerint
2838 1149 2911 1211 ad
2939 1147 3105 1230 ipsam

879 1264 1135 1343 Urbem,
1172 1263 1354 1348 juxta
1401 1258 1766 1324 Viminalem
1823 1272 2082 1341 portam,
2132 1257 2350 1323 milites
2408 1269 2604 1319 tamen
2660 1261 2870 1322 castris
2926 1257 3110 1334 clausi,

880 1372 1121 1437 militari
1166 1368 1487 1455 disciplina
1515 1368 1785 1447 coerciti,
1830 1367 2045 1452 procul
2071 1365 2262 1430 Urbis
2298 1352 2613 1444 illecebris,
2652 1368 2915 1432 severius
2958 1389 3115 1450 agere

879 1485 1251 1547 tenebantur.

966 1593 1102 1657 Aut
1120 1589 1461 1678 provinc-iis
1489 1586 1785 1652 ornando.
1873 1584 1948 1649 ln
1987 1585 2140 1649 MS.
2174 1585 2337 1649 Flor.
2369 1585 2651 1662 ornandi,
2681 1587 2850 1671 quod
2890 1584 3124 1649 minime

881 1702 1108 1788 spernit
1138 1699 1510 1775 Gronovius,
1548 1695 1719 1782 quasi
1758 1695 1993 1760 ambitu
2020 1695 2282 1759 ornandi
2323 1718 2445 1758 non
2471 1695 2757 1759 cessasset
2787 1698 3038 1781 Sejanus
3065 1694 3118 1758 iu

880 1823 1089 1875 senatu
1133 1834 1198 1874 se
1242 1808 1560 1885 venditare,
1612 1830 1682 1870 ac
1721 1804 2050 1890 gratiosum
2090 1818 2151 1868 et
2193 1817 2502 1889 potentem
2547 1805 2811 1868 reddere.
2904 1803 3124 1869 Melior

879 1919 1115 1998 videtur
1142 1919 1380 2003 vulgata
1405 1918 1719 2003 scriptura.

924 2141 1147 2206 -CAP.
1176 2151 1236 2206 8.
1287 2139 1607 2226 Corripere
1660 2139 1942 2202 intutum.
2032 2135 2209 2201 Male
2269 2139 2546 2201 emendat
2600 2135 2701 2201 cl.
2758 2137 2836 2200 de
2884 2134 3125 2218 Harlay,

879 2252 1128 2339 eripere.
1220 2248 1562 2335 Corripere,
1590 2245 1917 2330 elegantius
1946 2245 2183 2310 dicitur.
2251 2243 2417 2309 Mox
2449 2248 2664 2311 frustra
2691 2245 2875 2326 delet,
2905 2235 3122 2322 tamem

880 2360 1234 2429 Gronovius
1262 2357 1529 2446 conjicit,
1560 2357 1821 2421 tandem.
1912 2353 2087 2419 Nihil
2115 2356 2496 2418 mutandum:

969 2470 1124 2535 Alia
1167 2471 1475 2535 abnuerit.
1577 2465 1891 2532 Incassum
1937 2464 2407 2540 Freinshemiu3‚
2453 2466 2760 2529 abnueret.
2852 2465 3126 2542 Faernus,

880 2572 1120 2682 abnuit.

964 2802 1143 2868 CAP.
1188 2810 1251 2868 5.
1297 2800 1491 2865 Initio
1548 2799 1630 2863 ab
1691 2795 1894 2884 Syria.
2000 2794 2379 2858 Emendabat
2435 2794 2746 2873 Muretus,
2809 2793 2999 2857 initio
3052 2791 3123 2854 ab

882 2912 1096 3000 Syria.
1149 2934 1160 2946 ·
1185 2910 1400 2976 Placet
1428 2908 1778 2994 plurimum,
1807 2906 1919 2970 nisi
1948 2905 2104 2968 forte
2130 2903 2514 2987 intelligatur,
2548 2903 2749 2967 ducto.
2843 2903 3123 2968 Emestus

879 3021 1201 3100 existimat,
1228 3020 1430 3098 initio,
1459 3017 1769 3081 insititium
1798 3039 1949 3095 esse,
1996 3027 2057 3078 et
2094 3013 2363 3096 corrigit,
2401 3013 2561 3089 hinc,
2608 3012 2689 3076 ab
2730 3012 2926 3101 Syr-ici
2958 3031 3124 3096 usque

879 3129 961 3196 ad
1014 3128 1402 3214 Euphraten,
1478 3130 1594 3191 διε.
1685 3127 1849 3212 quod
1901 3122 2213 3210 probabile
2243 3146 2390 3186 .non
2445 3121 2696 3185 videtur.
2784 3119 3123 3205 [Bipontini

875 3239 1151 3305 modesta
1181 3237 1318 3302 crisi
1346 3238 1512 3324 regio
1541 3235 1872 3320 corrigunt,
1900 3258 2011 3298 nec
2040 3248 2239 3298 tamen
2260 3245 2516 3296 statuere
2545 3231 2777 3300 volunt.
2839 3231 2911 3295 N
2913 3230 3043 3309 obis
3067 3229 3121 3292 in

875 3356 1139 3415 mentem‘
1170 3347 1331 3412 venit
1357 3347 1527 3411 ditio.
1577 3346 1656 3409 B.
1676 3344 1753 3410 C.
1788 3366 1871 3408 11.
1902 3365 1997 3406 vl.
2025 3347 2158 3426 62]

879 3481 911 3515 '-
940 3458 1329 3548 'Legionibus
1377 3459 1653 3522 coercita.
1735 3450 1841 3519 Ita
1870 3451 2020 3516 MS.
2053 3451 2219 3516 Flor.
2245 3449 2536 3515 editiones
2566 3463 2794 3514 veteres
2823 3461 2889 3514 et
2932 3470 3121 3514 recen·

871 3572 1073 3635 tiores.
1159 3568 1571 3634 Emendatum
1600 3566 1660 3630 in
1684 3564 2037 3650 quibusdam
2065 3560 2449 3641 intermediis,
2470 3562 2814 3636 coercitum.

957 3680 1047 3744 Et
1074 3678 1341 3743 coloniis.
1433 3675 1769 3740 Beroaldus
1798 3697 1868 3738 ac
1897 3684 2142 3753 veteres,
2173 3682 2230 3751 et
2261 3670 2501 3735 coloniS.
2588 3669 2751 3759 Vere
2784 3670 3032 3756 Lipsius
3057 3692 3116 3733 ac

871 3787 1251 3863 recentioreS,
1273 3798 1330 3850 et
1359 3785 1622 3849 coloniis.

958 3896 1042 3959 Iu
1086 3897 1161 3959 iis
1203 3897 1445 3960 virium.
1537 3893 1747 3960 Milite
1796 3904 1952 3957 stant
2002 3891 2275 3984 imperi-a.
2363 3890 2661 3962 Quaenam
2707 3891 2934 3955 fuerint
2965 3887 3114 3957 ,mili-

867 4021 1045 4093 ιαμ-98.
1078 4004 1494 4101 Romanorum
1550 4004 1703 4069 vires
1746 4001 1981 4070 Tiberii
2024 4014 2196 4068 aetate
2240 3999 2569 4088 disquirere
2614 4019 3109 4087 supervacaneum

871 4112 1028 4178 h'au'd
1051 4110 1327 4178 arbitror.
1857 4123 1860 4125 ’
