<?xml version="1.0" encoding="UTF-8"?>
<!DOCTYPE html PUBLIC "-//W3C//DTD XHTML 1.0 Transitional//EN"
    "http://www.w3.org/TR/xhtml1/DTD/xhtml1-transitional.dtd">
<html xmlns="http://www.w3.org/1999/xhtml" xml:lang="en" lang="en">
 <head>
  <title>
</title>
<meta http-equiv="Content-Type" content="text/html;charset=utf-8" />
  <meta name='ocr-system' content='tesseract 3.04.00' />
  <meta name='ocr-capabilities' content='ocr_page ocr_carea ocr_par ocr_line ocrx_word'/>
</head>
<body>
  <div class='ocr_page' id='page_1' title='image "./opera00valpgoog_0044.png"; bbox 0 0 3200 5509; ppageno 0'>
   <div class='ocr_carea' id='block_1_1' title="bbox 476 472 1316 573">
    <p class='ocr_par' dir='ltr' id='par_1_1' title="bbox 476 472 1316 573">
     <span class='ocr_line' id='line_1_1' title="bbox 476 472 1316 573; baseline 0 -24"><span class='ocrx_word' id='word_1_1' title='bbox 476 564 480 573; x_wconf 94' lang='lat'>.</span> <span class='ocrx_word' id='word_1_2' title='bbox 617 472 874 549; x_wconf 78' lang='lat' dir='ltr'><strong>PRAEFATIO·</strong></span> <span class='ocrx_word' id='word_1_3' title='bbox 1273 482 1316 549; x_wconf 78' lang='lat' dir='ltr'>xii</span> 
     </span>
    </p>
   </div>
   <div class='ocr_carea' id='block_1_2' title="bbox 193 674 1324 2087">
    <p class='ocr_par' dir='ltr' id='par_1_2' title="bbox 193 674 1324 2087">
     <span class='ocr_line' id='line_1_2' title="bbox 249 674 1319 791; baseline -0.011 -19"><span class='ocrx_word' id='word_1_4' title='bbox 249 682 481 781; x_wconf 83' lang='lat' dir='ltr'>Alexander</span> <span class='ocrx_word' id='word_1_5' title='bbox 500 678 771 774; x_wconf 83' lang='lat' dir='ltr'>Minutionns,</span> <span class='ocrx_word' id='word_1_6' title='bbox 793 674 969 785; x_wconf 84' lang='lat' dir='ltr'>Apulus,</span> <span class='ocrx_word' id='word_1_7' title='bbox 998 674 1180 761; x_wconf 87' lang='lat' dir='ltr'>eruditus</span> <span class='ocrx_word' id='word_1_8' title='bbox 1197 690 1319 791; x_wconf 82' lang='lat' dir='ltr'>typo-</span> 
     </span>
     <span class='ocr_line' id='line_1_3' title="bbox 193 818 1317 942; baseline -0.006 -28"><span class='ocrx_word' id='word_1_9' title='bbox 193 820 370 942; x_wconf 61' lang='lat' dir='ltr'>&#39;graphus</span> <span class='ocrx_word' id='word_1_10' title='bbox 407 822 738 917; x_wconf 87' lang='lat' dir='ltr'>Mediolanensis,</span> <span class='ocrx_word' id='word_1_11' title='bbox 779 832 824 902; x_wconf 89' lang='lat' dir='ltr'>et</span> <span class='ocrx_word' id='word_1_12' title='bbox 871 818 1059 901; x_wconf 75' lang='lat' dir='ltr'>Historias</span> <span class='ocrx_word' id='word_1_13' title='bbox 1105 822 1317 931; x_wconf 81' lang='lat' dir='ltr'>professor,</span> 
     </span>
     <span class='ocr_line' id='line_1_4' title="bbox 195 958 1318 1074; baseline -0.007 -17"><span class='ocrx_word' id='word_1_14' title='bbox 195 972 355 1057; x_wconf 83' lang='lat' dir='ltr'>chartas</span> <span class='ocrx_word' id='word_1_15' title='bbox 384 966 638 1053; x_wconf 81' lang='lat' dir='ltr'>Beroaldinae</span> <span class='ocrx_word' id='word_1_16' title='bbox 656 962 847 1045; x_wconf 81' lang='lat' dir='ltr'>editionis</span> <span class='ocrx_word' id='word_1_17' title='bbox 865 988 916 1044; x_wconf 81' lang='lat' dir='ltr'>ex</span> <span class='ocrx_word' id='word_1_18' title='bbox 947 958 1063 1045; x_wconf 86' lang='lat' dir='ltr'>Urbe</span> <span class='ocrx_word' id='word_1_19' title='bbox 1080 965 1318 1074; x_wconf 84' lang='lat' dir='ltr'>importatas</span> 
     </span>
     <span class='ocr_line' id='line_1_5' title="bbox 196 1104 1318 1215; baseline -0.004 -18"><span class='ocrx_word' id='word_1_20' title='bbox 196 1114 367 1209; x_wconf 83' lang='lat' dir='ltr'>recudit,</span> <span class='ocrx_word' id='word_1_21' title='bbox 396 1127 443 1195; x_wconf 90' lang='lat' dir='ltr'>ut</span> <span class='ocrx_word' id='word_1_22' title='bbox 468 1137 537 1193; x_wconf 87' lang='lat' dir='ltr'>eas</span> <span class='ocrx_word' id='word_1_23' title='bbox 569 1105 821 1189; x_wconf 79' lang='lat' dir='ltr'>auditoribus</span> <span class='ocrx_word' id='word_1_24' title='bbox 850 1104 931 1187; x_wconf 86' lang='lat' dir='ltr'>suis</span> <span class='ocrx_word' id='word_1_25' title='bbox 965 1104 1210 1215; x_wconf 72' lang='lat' dir='ltr'>praelegeret.</span> <span class='ocrx_word' id='word_1_26' title='bbox 1265 1108 1318 1193; x_wconf 90' lang='lat' dir='ltr'>In</span> 
     </span>
     <span class='ocr_line' id='line_1_6' title="bbox 197 1246 1321 1364; baseline -0.005 -23"><span class='ocrx_word' id='word_1_27' title='bbox 197 1256 309 1341; x_wconf 82' lang='lat' dir='ltr'>calce</span> <span class='ocrx_word' id='word_1_28' title='bbox 327 1254 460 1364; x_wconf 87' lang='lat' dir='ltr'>operis</span> <span class='ocrx_word' id='word_1_29' title='bbox 486 1250 634 1360; x_wconf 87' lang='lat' dir='ltr'>reperit</span> <span class='ocrx_word' id='word_1_30' title='bbox 661 1272 705 1329; x_wconf 88' lang='lat' dir='ltr'>se</span> <span class='ocrx_word' id='word_1_31' title='bbox 731 1246 1010 1355; x_wconf 81' lang='lat' dir='ltr'>imprudenter</span> <span class='ocrx_word' id='word_1_32' title='bbox 1027 1248 1213 1358; x_wconf 84' lang='lat' dir='ltr'>illapsum</span> <span class='ocrx_word' id='word_1_33' title='bbox 1234 1278 1321 1335; x_wconf 71' lang='lat' dir='ltr'>mse</span> 
     </span>
     <span class='ocr_line' id='line_1_7' title="bbox 196 1392 1321 1499; baseline -0.005 -18"><span class='ocrx_word' id='word_1_34' title='bbox 196 1399 242 1481; x_wconf 92' lang='lat' dir='ltr'>in</span> <span class='ocrx_word' id='word_1_35' title='bbox 275 1396 534 1480; x_wconf 84' lang='lat' dir='ltr'>Pontificium</span> <span class='ocrx_word' id='word_1_36' title='bbox 568 1392 842 1487; x_wconf 87' lang='lat' dir='ltr'>interdictum,</span> <span class='ocrx_word' id='word_1_37' title='bbox 879 1418 963 1499; x_wconf 89' lang='lat' dir='ltr'>quo</span> <span class='ocrx_word' id='word_1_38' title='bbox 998 1395 1231 1489; x_wconf 80' lang='lat' dir='ltr'>cavebatur,</span> <span class='ocrx_word' id='word_1_39' title='bbox 1268 1420 1321 1475; x_wconf 88' lang='lat' dir='ltr'>ne</span> 
     </span>
     <span class='ocr_line' id='line_1_8' title="bbox 199 1532 1319 1649; baseline -0.003 -26"><span class='ocrx_word' id='word_1_40' title='bbox 199 1540 293 1649; x_wconf 78' lang='lat' dir='ltr'>quis</span> <span class='ocrx_word' id='word_1_41' title='bbox 312 1538 420 1633; x_wconf 82' lang='lat' dir='ltr'>intrd</span> <span class='ocrx_word' id='word_1_42' title='bbox 437 1534 679 1624; x_wconf 90' lang='lat' dir='ltr'>decennium</span> <span class='ocrx_word' id='word_1_43' title='bbox 691 1532 881 1642; x_wconf 78' lang='lat' dir='ltr'>Tacitum</span> <span class='ocrx_word' id='word_1_44' title='bbox 899 1532 1120 1615; x_wconf 79' lang='lat' dir='ltr'>recuderet.</span> <span class='ocrx_word' id='word_1_45' title='bbox 1177 1534 1319 1647; x_wconf 70' lang='lat' dir='ltr'>Calpas</span> 
     </span>
     <span class='ocr_line' id='line_1_9' title="bbox 200 1674 1320 1784; baseline -0.003 -19"><span class='ocrx_word' id='word_1_46' title='bbox 200 1682 362 1775; x_wconf 83' lang='lat' dir='ltr'>veniam</span> <span class='ocrx_word' id='word_1_47' title='bbox 381 1678 585 1769; x_wconf 80' lang='lat' dir='ltr'>exoravit3</span> <span class='ocrx_word' id='word_1_48' title='bbox 613 1698 812 1781; x_wconf 86' lang='lat' dir='ltr'>suamque</span> <span class='ocrx_word' id='word_1_49' title='bbox 826 1674 1061 1773; x_wconf 83' lang='lat' dir='ltr'>editionem,</span> <span class='ocrx_word' id='word_1_50' title='bbox 1074 1678 1320 1784; x_wconf 89' lang='lat' dir='ltr'>quibusdam</span> 
     </span>
     <span class='ocr_line' id='line_1_10' title="bbox 199 1812 1324 1942; baseline -0.004 -33"><span class='ocrx_word' id='word_1_51' title='bbox 199 1826 244 1909; x_wconf 91' lang='lat' dir='ltr'>in</span> <span class='ocrx_word' id='word_1_52' title='bbox 261 1824 361 1909; x_wconf 88' lang='lat' dir='ltr'>locis</span> <span class='ocrx_word' id='word_1_53' title='bbox 374 1818 651 1942; x_wconf 82' lang='lat' dir='ltr'>emendatam,</span> <span class='ocrx_word' id='word_1_54' title='bbox 673 1828 717 1901; x_wconf 87' lang='lat' dir='ltr'>et</span> <span class='ocrx_word' id='word_1_55' title='bbox 735 1817 911 1901; x_wconf 75' lang='lat' dir='ltr'>Andreae</span> <span class='ocrx_word' id='word_1_56' title='bbox 934 1816 1082 1901; x_wconf 86' lang='lat' dir='ltr'>Aiciati</span> <span class='ocrx_word' id='word_1_57' title='bbox 1100 1812 1208 1905; x_wconf 86' lang='lat' dir='ltr'>notis</span> <span class='ocrx_word' id='word_1_58' title='bbox 1224 1840 1324 1905; x_wconf 86' lang='lat' dir='ltr'>anc-</span> 
     </span>
     <span class='ocr_line' id='line_1_11' title="bbox 202 1962 773 2087; baseline -0.019 -36"><span class='ocrx_word' id='word_1_59' title='bbox 202 1982 301 2087; x_wconf 72' lang='lat' dir='ltr'>tam,</span> <span class='ocrx_word' id='word_1_60' title='bbox 320 1964 494 2063; x_wconf 85' lang='lat' dir='ltr'>absolvit</span> <span class='ocrx_word' id='word_1_61' title='bbox 511 1987 620 2043; x_wconf 86' lang='lat' dir='ltr'>anno</span> <span class='ocrx_word' id='word_1_62' title='bbox 643 1962 773 2054; x_wconf 70' lang='grc' dir='ltr'>1517.ι</span> 
     </span>
    </p>
   </div>
   <div class='ocr_carea' id='block_1_3' title="bbox 202 2244 1369 3045">
    <p class='ocr_par' dir='ltr' id='par_1_3' title="bbox 202 2244 1369 3045">
     <span class='ocr_line' id='line_1_12' title="bbox 258 2244 1324 2349; baseline -0.004 -14"><span class='ocrx_word' id='word_1_63' title='bbox 258 2250 426 2349; x_wconf 81' lang='lat' dir='ltr'>Beatus,</span> <span class='ocrx_word' id='word_1_64' title='bbox 453 2262 526 2332; x_wconf 88' lang='lat' dir='ltr'>aut</span> <span class='ocrx_word' id='word_1_65' title='bbox 546 2248 677 2333; x_wconf 82' lang='lat' dir='ltr'>verids</span> <span class='ocrx_word' id='word_1_66' title='bbox 709 2246 868 2329; x_wconf 86' lang='lat' dir='ltr'>Biidius</span> <span class='ocrx_word' id='word_1_67' title='bbox 888 2244 1122 2344; x_wconf 88' lang='lat' dir='ltr'>Rhenanus,</span> <span class='ocrx_word' id='word_1_68' title='bbox 1152 2246 1324 2332; x_wconf 82' lang='lat' dir='ltr'>Selesta-</span> 
     </span>
     <span class='ocr_line' id='line_1_13' title="bbox 202 2387 1323 2507; baseline -0.004 -30"><span class='ocrx_word' id='word_1_69' title='bbox 202 2391 365 2491; x_wconf 78' lang='lat' dir='ltr'>diensis,</span> <span class='ocrx_word' id='word_1_70' title='bbox 394 2420 541 2507; x_wconf 18' lang='lat' dir='ltr'>manu·</span> <span class='ocrx_word' id='word_1_71' title='bbox 581 2390 721 2499; x_wconf 87' lang='lat' dir='ltr'>scripti</span> <span class='ocrx_word' id='word_1_72' title='bbox 765 2387 918 2471; x_wconf 85' lang='lat' dir='ltr'>codicis</span> <span class='ocrx_word' id='word_1_73' title='bbox 962 2387 1177 2487; x_wconf 84' lang='lat' dir='ltr'>Budensis,</span> <span class='ocrx_word' id='word_1_74' title='bbox 1227 2390 1323 2477; x_wconf 90' lang='lat' dir='ltr'>olim</span> 
     </span>
     <span class='ocr_line' id='line_1_14' title="bbox 207 2530 1323 2640; baseline -0.005 -19"><span class='ocrx_word' id='word_1_75' title='bbox 207 2532 399 2621; x_wconf 74' lang='lat' dir='ltr'>Matthiae</span> <span class='ocrx_word' id='word_1_76' title='bbox 418 2530 594 2628; x_wconf 87' lang='lat' dir='ltr'>Corvini,</span> <span class='ocrx_word' id='word_1_77' title='bbox 612 2530 835 2640; x_wconf 84' lang='lat' dir='ltr'>Hungariae</span> <span class='ocrx_word' id='word_1_78' title='bbox 850 2530 971 2640; x_wconf 75' lang='lat' dir='ltr'>regis,</span> <span class='ocrx_word' id='word_1_79' title='bbox 986 2531 1147 2639; x_wconf 86' lang='lat' dir='ltr'>copiam</span> <span class='ocrx_word' id='word_1_80' title='bbox 1165 2545 1323 2631; x_wconf 83' lang='lat' dir='ltr'>nactus,</span> 
     </span>
     <span class='ocr_line' id='line_1_15' title="bbox 204 2672 1369 2783; baseline -0.004 -22"><span class='ocrx_word' id='word_1_81' title='bbox 204 2704 353 2761; x_wconf 86' lang='lat' dir='ltr'>noram</span> <span class='ocrx_word' id='word_1_82' title='bbox 371 2688 414 2761; x_wconf 87' lang='lat' dir='ltr'>et</span> <span class='ocrx_word' id='word_1_83' title='bbox 441 2674 654 2783; x_wconf 82' lang='lat' dir='ltr'>aliquanto</span> <span class='ocrx_word' id='word_1_84' title='bbox 676 2674 966 2757; x_wconf 73' lang='lat' dir='ltr'>accuratiorem</span> <span class='ocrx_word' id='word_1_85' title='bbox 992 2672 1212 2755; x_wconf 87' lang='lat' dir='ltr'>editionem</span> <span class='ocrx_word' id='word_1_86' title='bbox 1239 2676 1332 2757; x_wconf 66' lang='lat' dir='ltr'>vui·</span> <span class='ocrx_word' id='word_1_87' title='bbox 1367 2713 1369 2716; x_wconf 95' lang='lat'>·</span> 
     </span>
     <span class='ocr_line' id='line_1_16' title="bbox 205 2814 1323 2931; baseline -0.001 -31"><span class='ocrx_word' id='word_1_88' title='bbox 205 2819 319 2931; x_wconf 82' lang='lat' dir='ltr'>gavit</span> <span class='ocrx_word' id='word_1_89' title='bbox 339 2818 508 2911; x_wconf 84' lang='lat' dir='ltr'>Basileae</span> <span class='ocrx_word' id='word_1_90' title='bbox 527 2842 636 2899; x_wconf 86' lang='lat' dir='ltr'>anno</span> <span class='ocrx_word' id='word_1_91' title='bbox 660 2824 778 2902; x_wconf 79' lang='lat'><strong>1533.</strong></span> <span class='ocrx_word' id='word_1_92' title='bbox 798 2844 909 2927; x_wconf 83' lang='lat' dir='ltr'>saepe</span> <span class='ocrx_word' id='word_1_93' title='bbox 927 2814 1068 2927; x_wconf 80' lang='lat' dir='ltr'>posted</span> <span class='ocrx_word' id='word_1_94' title='bbox 1084 2831 1129 2899; x_wconf 87' lang='lat' dir='ltr'>et</span> <span class='ocrx_word' id='word_1_95' title='bbox 1145 2818 1263 2899; x_wconf 84' lang='lat' dir='ltr'>variis</span> <span class='ocrx_word' id='word_1_96' title='bbox 1281 2821 1323 2901; x_wconf 91' lang='lat' dir='ltr'>in</span> 
     </span>
     <span class='ocr_line' id='line_1_17' title="bbox 206 2959 531 3045; baseline 0.003 -4"><span class='ocrx_word' id='word_1_97' title='bbox 206 2959 304 3045; x_wconf 87' lang='lat' dir='ltr'>locis</span> <span class='ocrx_word' id='word_1_98' title='bbox 322 2960 531 3045; x_wconf 73' lang='lat' dir='ltr'>recusam.¹</span> 
     </span>
    </p>
   </div>
   <div class='ocr_carea' id='block_1_4' title="bbox 210 3240 1347 3781">
    <p class='ocr_par' dir='ltr' id='par_1_4' title="bbox 210 3240 1347 3781">
     <span class='ocr_line' id='line_1_18' title="bbox 263 3240 1328 3354; baseline -0.008 -24"><span class='ocrx_word' id='word_1_99' title='bbox 263 3243 292 3330; x_wconf 91' lang='lat' dir='ltr'>J</span> <span class='ocrx_word' id='word_1_100' title='bbox 296 3254 406 3327; x_wconf 88' lang='lat' dir='ltr'>ustus</span> <span class='ocrx_word' id='word_1_101' title='bbox 432 3242 609 3354; x_wconf 85' lang='lat' dir='ltr'>Lipsius,</span> <span class='ocrx_word' id='word_1_102' title='bbox 635 3242 780 3353; x_wconf 82' lang='lat' dir='ltr'>Belga,</span> <span class='ocrx_word' id='word_1_103' title='bbox 795 3240 1035 3325; x_wconf 82' lang='lat' dir='ltr'>Corneliano</span> <span class='ocrx_word' id='word_1_104' title='bbox 1053 3243 1198 3353; x_wconf 89' lang='lat' dir='ltr'>spiritu</span> <span class='ocrx_word' id='word_1_105' title='bbox 1216 3240 1328 3323; x_wconf 85' lang='lat' dir='ltr'>affla-</span> 
     </span>
     <span class='ocr_line' id='line_1_19' title="bbox 210 3382 1327 3495; baseline -0.002 -28"><span class='ocrx_word' id='word_1_106' title='bbox 210 3396 290 3483; x_wconf 89' lang='lat' dir='ltr'>tus,</span> <span class='ocrx_word' id='word_1_107' title='bbox 332 3412 564 3495; x_wconf 82' lang='lat' dir='ltr'>magnoque</span> <span class='ocrx_word' id='word_1_108' title='bbox 601 3384 836 3467; x_wconf 82' lang='lat' dir='ltr'>eruditionis</span> <span class='ocrx_word' id='word_1_109' title='bbox 872 3398 1016 3493; x_wconf 88' lang='lat' dir='ltr'>paratu</span> <span class='ocrx_word' id='word_1_110' title='bbox 1053 3382 1105 3467; x_wconf 89' lang='lat' dir='ltr'>ad</span> <span class='ocrx_word' id='word_1_111' title='bbox 1143 3386 1186 3467; x_wconf 90' lang='lat' dir='ltr'>id</span> <span class='ocrx_word' id='word_1_112' title='bbox 1224 3408 1327 3493; x_wconf 87' lang='lat' dir='ltr'>opus</span> 
     </span>
     <span class='ocr_line' id='line_1_20' title="bbox 211 3526 1340 3639; baseline -0.004 -28"><span class='ocrx_word' id='word_1_113' title='bbox 211 3528 380 3611; x_wconf 84' lang='lat' dir='ltr'>accessit</span> <span class='ocrx_word' id='word_1_114' title='bbox 396 3556 406 3609; x_wconf 73' lang='grc' dir='ltr'>ε</span> <span class='ocrx_word' id='word_1_115' title='bbox 435 3554 597 3611; x_wconf 91' lang='lat' dir='ltr'>omnem</span> <span class='ocrx_word' id='word_1_116' title='bbox 615 3526 733 3639; x_wconf 89' lang='lat' dir='ltr'>hujus</span> <span class='ocrx_word' id='word_1_117' title='bbox 756 3526 901 3609; x_wconf 87' lang='lat' dir='ltr'>laboris</span> <span class='ocrx_word' id='word_1_118' title='bbox 920 3526 1081 3609; x_wconf 87' lang='lat' dir='ltr'>landem</span> <span class='ocrx_word' id='word_1_119' title='bbox 1102 3538 1340 3637; x_wconf 53' lang='lat' dir='ltr'>reportatum</span> 
     </span>
     <span class='ocr_line' id='line_1_21' title="bbox 210 3666 1347 3781; baseline 0 -28"><span class='ocrx_word' id='word_1_120' title='bbox 210 3694 292 3770; x_wconf 86' lang='lat' dir='ltr'>rus,</span> <span class='ocrx_word' id='word_1_121' title='bbox 306 3669 339 3751; x_wconf 88' lang='lat' dir='ltr'>si</span> <span class='ocrx_word' id='word_1_122' title='bbox 357 3698 438 3753; x_wconf 91' lang='lat' dir='ltr'>non</span> <span class='ocrx_word' id='word_1_123' title='bbox 458 3678 650 3781; x_wconf 87' lang='lat' dir='ltr'>excerpta</span> <span class='ocrx_word' id='word_1_124' title='bbox 667 3666 831 3751; x_wconf 84' lang='lat' dir='ltr'>tantdm</span> <span class='ocrx_word' id='word_1_125' title='bbox 851 3666 973 3751; x_wconf 87' lang='lat' dir='ltr'><strong>MSS.</strong></span> <span class='ocrx_word' id='word_1_126' title='bbox 1002 3668 1191 3753; x_wconf 86' lang='lat' dir='ltr'>codicum</span> <span class='ocrx_word' id='word_1_127' title='bbox 1215 3666 1347 3753; x_wconf 70' lang='lat' dir='ltr'>Vati-—</span> 
     </span>
    </p>
   </div>
   <div class='ocr_carea' id='block_1_5' title="bbox 213 3998 1402 4517">
    <p class='ocr_par' dir='ltr' id='par_1_5' title="bbox 213 3998 1402 4517">
     <span class='ocr_line' id='line_1_22' title="bbox 256 3998 1402 4087; baseline 0.01 -14"><span class='ocrx_word' id='word_1_128' title='bbox 256 4010 267 4041; x_wconf 86' lang='lat'>¹</span> <span class='ocrx_word' id='word_1_129' title='bbox 291 4006 340 4073; x_wconf 87' lang='lat' dir='ltr'>cl.</span> <span class='ocrx_word' id='word_1_130' title='bbox 354 4006 522 4087; x_wconf 78' lang='lat' dir='ltr'>Maittaire,</span> <span class='ocrx_word' id='word_1_131' title='bbox 535 4004 658 4071; x_wconf 75' lang='lat' dir='ltr'>loccit.</span> <span class='ocrx_word' id='word_1_132' title='bbox 671 4005 748 4069; x_wconf 90' lang='lat' dir='ltr'>hanc</span> <span class='ocrx_word' id='word_1_133' title='bbox 793 4020 840 4073; x_wconf 85' lang='lat' dir='ltr'>est</span> <span class='ocrx_word' id='word_1_134' title='bbox 860 4010 928 4075; x_wconf 85' lang='lat' dir='ltr'>anni</span> <span class='ocrx_word' id='word_1_135' title='bbox 947 4018 1037 4081; x_wconf 85' lang='lat'>1517.</span> <span class='ocrx_word' id='word_1_136' title='bbox 1062 4011 1123 4077; x_wconf 74' lang='lat' dir='ltr'>vn&#39;on</span> <span class='ocrx_word' id='word_1_137' title='bbox 1143 4011 1214 4077; x_wconf 81' lang='lat' dir='ltr'>cord</span> <span class='ocrx_word' id='word_1_138' title='bbox 1239 4005 1330 4083; x_wconf 84' lang='lat'><strong>1516.</strong></span> <span class='ocrx_word' id='word_1_139' title='bbox 1397 3998 1402 4007; x_wconf 88' lang='lat'><strong>.</strong></span> 
     </span>
     <span class='ocr_line' id='line_1_23' title="bbox 213 4092 1304 4177; baseline 0.006 -19"><span class='ocrx_word' id='word_1_140' title='bbox 213 4092 373 4158; x_wconf 80' lang='lat' dir='ltr'>sditionem</span> <span class='ocrx_word' id='word_1_141' title='bbox 399 4093 507 4158; x_wconf 75' lang='lat' dir='ltr'>Roma</span> <span class='ocrx_word' id='word_1_142' title='bbox 525 4092 668 4177; x_wconf 87' lang='lat' dir='ltr'>prodiisse</span> <span class='ocrx_word' id='word_1_143' title='bbox 682 4112 750 4174; x_wconf 85' lang='lat' dir='ltr'>per-</span> <span class='ocrx_word' id='word_1_144' title='bbox 794 4095 899 4159; x_wconf 81' lang='lat' dir='ltr'>formae</span> <span class='ocrx_word' id='word_1_145' title='bbox 913 4095 942 4160; x_wconf 91' lang='lat' dir='ltr'>in</span> <span class='ocrx_word' id='word_1_146' title='bbox 956 4096 1225 4165; x_wconf 75' lang='lat' dir='ltr'>ttosedminime.</span> <span class='ocrx_word' id='word_1_147' title='bbox 1299 4114 1304 4123; x_wconf 85' lang='grc'><strong><em>’</em></strong></span> 
     </span>
     <span class='ocr_line' id='line_1_24' title="bbox 214 4176 1383 4271; baseline 0.008 -30"><span class='ocrx_word' id='word_1_148' title='bbox 214 4198 318 4262; x_wconf 83' lang='lat' dir='ltr'>peram</span> <span class='ocrx_word' id='word_1_149' title='bbox 338 4176 458 4244; x_wconf 82' lang='lat' dir='ltr'>scribit.</span> <span class='ocrx_word' id='word_1_150' title='bbox 498 4176 657 4242; x_wconf 78' lang='lat' dir='ltr'>Fabricius</span> <span class='ocrx_word' id='word_1_151' title='bbox 674 4198 750 4260; x_wconf 88' lang='lat' dir='ltr'>quo·</span> <span class='ocrx_word' id='word_1_152' title='bbox 837 4180 1009 4253; x_wconf 77' lang='lat' dir='ltr'>‘Quarum</span> <span class='ocrx_word' id='word_1_153' title='bbox 1024 4180 1159 4249; x_wconf 85' lang='lat' dir='ltr'>omnium</span> <span class='ocrx_word' id='word_1_154' title='bbox 1179 4177 1336 4271; x_wconf 73' lang='lat' dir='ltr'>precipue</span> <span class='ocrx_word' id='word_1_155' title='bbox 1380 4202 1383 4207; x_wconf 83' lang='lat'>·</span> 
     </span>
     <span class='ocr_line' id='line_1_25' title="bbox 215 4256 1343 4365; baseline 0.012 -38"><span class='ocrx_word' id='word_1_156' title='bbox 215 4260 749 4347; x_wconf 56' lang='lat' dir='ltr'>qne,“Bibliothecmatinrlibnn</span> <span class='ocrx_word' id='word_1_157' title='bbox 797 4277 853 4345; x_wconf 67' lang='lat' dir='ltr'>ea,</span> <span class='ocrx_word' id='word_1_158' title='bbox 874 4288 941 4351; x_wconf 53' lang='grc' dir='ltr'>(με</span> <span class='ocrx_word' id='word_1_159' title='bbox 959 4266 1072 4365; x_wconf 66' lang='lat' dir='ltr'>porat</span> <span class='ocrx_word' id='word_1_160' title='bbox 1096 4266 1231 4337; x_wconf 64' lang='lat' dir='ltr'>vetar.</span> <span class='ocrx_word' id='word_1_161' title='bbox 1254 4256 1343 4339; x_wconf 68' lang='lat' dir='ltr'>anm·</span> 
     </span>
     <span class='ocr_line' id='line_1_26' title="bbox 214 4344 1122 4438; baseline 0.009 -27"><span class='ocrx_word' id='word_1_162' title='bbox 214 4358 349 4433; x_wconf 63' lang='lat' dir='ltr'>capet.</span> <span class='ocrx_word' id='word_1_163' title='bbox 377 4370 409 4435; x_wconf 91' lang='lat' dir='ltr'>p.</span> <span class='ocrx_word' id='word_1_164' title='bbox 428 4356 502 4418; x_wconf 80' lang='lat'>471.</span> <span class='ocrx_word' id='word_1_165' title='bbox 528 4359 606 4413; x_wconf 83' lang='lat' dir='ltr'>errat</span> <span class='ocrx_word' id='word_1_166' title='bbox 628 4358 692 4411; x_wconf 83' lang='lat' dir='ltr'>turn</span> <span class='ocrx_word' id='word_1_167' title='bbox 720 4344 751 4409; x_wconf 91' lang='lat' dir='ltr'>in</span> <span class='ocrx_word' id='word_1_168' title='bbox 801 4358 983 4438; x_wconf 75' lang='lat' dir='ltr'>1584·typu</span> <span class='ocrx_word' id='word_1_169' title='bbox 995 4352 1122 4421; x_wconf 84' lang='lat' dir='ltr'>Aldinis.</span> 
     </span>
     <span class='ocr_line' id='line_1_27' title="bbox 217 4427 1338 4517; baseline 0.001 -18"><span class='ocrx_word' id='word_1_170' title='bbox 217 4446 387 4517; x_wconf 60' lang='lat' dir='ltr'>ennomus</span> <span class='ocrx_word' id='word_1_171' title='bbox 406 4434 437 4501; x_wconf 88' lang='lat' dir='ltr'>in</span> <span class='ocrx_word' id='word_1_172' title='bbox 456 4434 567 4502; x_wconf 71' lang='lat' dir='ltr'>sormi.</span> <span class='ocrx_word' id='word_1_173' title='bbox 609 4428 750 4499; x_wconf 71' lang='lat' dir='ltr'>Etenim</span> <span class='ocrx_word' id='word_1_174' title='bbox 1049 4446 1054 4451; x_wconf 86' lang='grc'>·</span> <span class='ocrx_word' id='word_1_175' title='bbox 1221 4448 1225 4455; x_wconf 88' lang='grc'><em>·</em></span> <span class='ocrx_word' id='word_1_176' title='bbox 1330 4427 1338 4441; x_wconf 87' lang='grc'><strong>’</strong></span> 
     </span>
    </p>
   </div>
   <div class='ocr_carea' id='block_1_6' title="bbox 0 0 1635 5509">
    <p class='ocr_par' dir='ltr' id='par_1_6' title="bbox 0 0 1635 5509">
     <span class='ocr_line' id='line_1_28' title="bbox 0 0 1635 5509; baseline 0 0"><span class='ocrx_word' id='word_1_177' title='bbox 0 0 1635 5509; x_wconf 95' lang='lat' dir='ltr'> </span> 
     </span>
    </p>
   </div>
  </div>
 </body>
</html>
