3200 5509
316 574 378 646 ισεΞ
438 601 439 608 ¹
672 583 707 643 c.
725 581 922 644 connum
939 565 1076 645 r'acrn
1223 587 1444 658 ancara.-

313 737 466 827 noxiam,
487 718 530 810 tie
545 719 767 810 contumelias
780 719 919 834 quidem
934 719 1119 811 adversim
1133 738 1374 835 imperatorem
1390 743 1438 816 in-

315 851 419 924 ficiari
451 868 600 948 poterat:
642 851 754 922 solum
785 850 907 923 veneni
937 849 1067 923 crimen
1090 851 1180 926 visus
1204 870 1254 926 est
1280 855 1433 952 diluisse5

314 967 408 1068 quod
427 989 473 1038 ne
490 981 699 1042 accusatores
714 963 854 1059 quidem
874 964 951 1038 satia
973 965 1166 1054 limabant,
1191 967 1216 1010 “
1231 967 1269 1038 in
1285 971 1435 1042 convivio

314 1085 341 1123 ‘⁴
358 1079 567 1166 Germanici,
590 1079 676 1150 cum
700 1078 803 1172 aupe'r
828 1102 908 1148 eum
926 1077 1003 1149 Piso
1020 1079 1272 1170 discumberet,'
1296 1081 1443 1158 infectoa'

314 1199 339 1238 ‘¹
356 1193 511 1264 manibus
526 1195 600 1290 ejus
619 1190 738 1262 cibos’'
762 1205 965 1287 arguentes:
991 1193 1117 1288 quippe
1140 1195 1328 1268 abatudutn
1349 1199 1445 1271 vide'

311 1309 424 1395 batur,
449 1306 535 1376 inter
556 1303 664 1374 aliena
694 1301 838 1390 servitia,
874 1319 908 1374 et
935 1319 987 1375 tot
1007 1306 1210 1379 adstantium
1241 1311 1329 1399 visu,
1363 1312 1437 1408 ipso

314 1419 522 1494 Germanico
538 1441 666 1506 coram,
682 1417 716 1526 id
729 1441 871 1489 ausum:
897 1417 1128 1522 offerebatque
1142 1417 1322 1496 familiam
1344 1451 1436 1515 reus,

312 1552 347 1608 et
363 1533 532 1606 ministros
543 1533 578 1604 in
595 1548 762 1604 tormenta
777 1531 957 1628 flagitabat.
1007 1535 1075 1605 Sed
1084 1535 1218 1631 judices
1230 1563 1294 1633 per
1307 1535 1437 1612 diversa

312 1646 538 1744 implacabiles
555 1661 669 1717 erant:
698 1647 815 1718 caesar
830 1647 877 1716 ob
891 1646 1021 1718 bellurn
1040 1649 1222 1741 provinciae
1246 1651 1390 1725 inlatum
1403 1657 1438 1745 ς’

313 1765 469 1850 Senatus,
490 1783 678 1856 numquam
694 1760 771 1832 satis
793 1760 934 1849 credito,
959 1761 1031 1832 aine
1051 1756 1171 1834 fraude
1193 1767 1446 1840 Germanicum

312 1877 493 1948 interiisse:
514 1882 539 1917 “
552 1874 783 1970 scripsissent”
797 1875 1048 1970 expostulantes
1060 1882 1095 1946 :⁴
1110 1879 1204 1973 quod
1214 1879 1306 1950 haud
1322 1881 1438 1954 minda

311 1990 481 2078 Tiberius,
506 1990 611 2088 quim
627 1989 703 2061 Piso
730 1987 890 2061 abnudre.
940 1990 1048 2062 Simul
1069 1992 1192 2085 Populi
1209 2011 1287 2064 ante
1308 1995 1438 2066 cutiam

310 2130 412 2177 voces
423 2103 657 2191 audiebantur,
673 2109 698 2146 “
715 2128 786 2174 non
801 2120 1046 2199 temperaturos
1055 2106 1262 2194 manibus,si
1278 2125 1437 2201 patruum

311 2225 337 2262 “
354 2217 532 2291 sententiaa
567 2218 771 2290 evasisset:”
812 2217 1006 2315 effigiesque
1033 2219 1163 2292 Pisonis
1195 2237 1371 2292 traxerant
1402 2222 1438 2292 in

313 2333 523 2405 Gemonias5
545 2357 583 2403 ac
610 2331 833 2420 devehebant,
858 2332 893 2402 ni
910 2335 1006 2430 J‘uaau
1022 2331 1184 2428 Principis
1207 2351 1373 2429 protectae
1388 2361 1438 2407 re·

311 2449 496 2544 positaeque
512 2445 634 2517 forent.
683 2443 790 2541 lgitur
804 2445 930 2516 inditus
946 2444 1086 2531 lecticae,
1110 2461 1145 2516 et
1162 2445 1337 2519 *anabuno
1353 2475 1438 2544 pra:-

311 2561 407 2634 ton‘ae
429 2558 577 2632 cohortis
605 2559 773 2630 deductus
796 2576 868 2630 est:
891 2560 986 2633 vario
1010 2580 1162 2654 rumore,
1182 2576 1295 2634 custos
1309 2563 1449 2652 salutis,

311 2699 355 2746 an
372 2673 488 2746 mortis
504 2689 642 2743 exactor
658 2687 865 2768 sequeretur.

364 2896 419 2958 15.
444 2886 585 2957 Eanan
603 2879 791 2959 Plancinae⁶
805 2885 942 2975 invidia,
958 2889 1069 2984 major
1087 2886 1214 2985 grat‘n:
1236 2887 1437 2986 ebqueam·

353 3129 363 3160 ¹
384 3129 472 3208 Sapor
490 3153 548 3190 rum
572 3131 638 3190 Piro
659 3131 844 3191 discumberet.

315 3213 349 3268 ln
368 3213 466 3269 dextro
480 3213 599 3270 Stibadii
615 3229 703 3270 cornu
725 3213 846 3269 discum-

898 3133 989 3190 diaria
1014 3132 1205 3210 expostulant.
1248 3133 1337 3201 Quod
1359 3134 1449 3192 barrd'

898 3213 991 3270 minda
1004 3213 1144 3282 Tiberius,
1158 3212 1245 3288 quim
1260 3215 1336 3283 Piao,
1352 3233 1439 3273 ausus
1464 3285 1468 3292 .

314 3293 399 3350 bebat
412 3293 608 3358 Germanicus,
622 3293 650 3348 in
664 3291 771 3348 sinistro
786 3310 848 3348 cor-

313 3389 352 3427 nu
369 3373 441 3428 Piso.
483 3371 581 3446 ltaque
603 3371 670 3428 licdt
691 3371 846 3427 secuudum

314 3449 410 3508 locum
423 3462 577 3526 occuparet
592 3450 665 3518 Piso,
678 3469 761 3526 super
778 3449 850 3506 Ger·

315 3530 459 3586 monicum
492 3531 697 3586 discumbebat.
760 3527 848 3597 Quod

198 3651 203 3660 .
315 3609 414 3686 paucis
424 3607 608 3679 intellectum,
629 3620 660 3666 ut
674 3607 775 3665 latetur
792 3607 850 3664 Do-

315 3688 437 3744 ranzati.
479 3687 590 3744 Do'hoc
605 3689 661 3745 ritu
674 3686 850 3746 discumben-

316 3768 345 3824 di
359 3768 421 3824 vido
431 3767 572 3823 eruditum
587 3765 777 3834 Sinnondum,
789 3777 849 3828 not.

316 3849 344 3908 in
361 3847 457 3904 Sidon.
468 3833 625 3922 apollinar.
640 3845 730 3920 Epist.
744 3861 766 3902 1.
783 3852 830 3901 ll.

334 3935 337 3944 ’
357 3922 370 3950 ²
392 3927 582 4002 Qfferedatqae
590 3922 743 4002 santiliom.
789 3925 852 3980 Sor-

316 4025 366 4062 vos
390 4025 456 4066 auos
490 4006 525 4062 ad
557 4015 694 4061 tormenta
720 4003 853 4060 offerebat

318 4085 400 4147 Piso:
428 4103 517 4150 aorvoa
543 4101 657 4159 quoque
679 4083 852 4152 Germanici,

318 4165 369 4238 qui
381 4183 465 4248 super
476 4179 598 4220 mensum
621 4162 852 4231 ministraverant,

318 4244 348 4300 in
362 4255 497 4310 tormenta
511 4241 662 4318 flagitabat.

279 4345 285 4356 ·
358 4318 370 4354 ⁸
395 4319 550 4378 Prorlncioe
574 4321 699 4376 inlutum.
751 4321 776 4376 A
804 4316 852 4378 Pi·

317 4419 385 4458 sono
394 4400 500 4458 bellum
509 4398 622 4457 Cilicia
631 4397 753 4457 illatum.
774 4405 850 4457 Anu.

319 4499 356 4538 ιι.
371 4486 418 4536 80.

356 4557 371 4591 ⁴
382 4559 560 4635 Scripatiraent
573 4557 782 4634 erportuluntca.
805 4558 854 4615 Sc-

315 4652 426 4696 natores
438 4637 640 4696 Germanici'et
651 4636 758 4694 Pisonis
772 4637 854 4694 char·

316 4731 357 4780 ias
376 4719 531 4798 omniaque
557 4717 680 4797 Syriaca
704 4716 853 4794 legationis

898 3295 1081 3348 cstabnuore.
1116 3293 1177 3348 Noc
1193 3291 1305 3348 mirum.
1338 3294 1439 3350 Fertur

898 3372 972 3428 onim
986 3371 1069 3428 fuisse
1088 3371 1185 3428 litero-r
1201 3369 1305 3428 Tiberii
1317 3381 1345 3428 ct
1363 3392 1438 3430 moa·

899 3450 968 3508 doto
992 3451 1021 3506 ia
1042 3449 1248 3519 Genauam,
1266 3461 1299 3506 ut
1325 3451 1439 3510 dicetur

900 3547 964 3606 cap.
995 3525 1040 3586 16.
1064 3541 1093 3586 et
1114 3529 1191 3606 apud
1214 3530 1382 3586 Suetonium
1409 3533 1439 3588 in

900 3607 1023 3678 Tiberio,
1035 3626 1093 3666 nn.
1126 3608 1201 3664 Vide
1215 3622 1273 3666 not.
1286 3621 1315 3666 ct
1326 3612 1436 3668 emend.
1559 3612 1560 3625 ²

901 3687 935 3742 od
949 3691 1023 3748 nnn.
1033 3706 1084 3744 111.
1101 3694 1146 3744 14.

943 3763 1006 3823 ’ln
1019 3767 1174 3824 Gemonios.
1215 3769 1360 3826 Gomoniae
1377 3788 1440 3842 sca·

901 3843 945 3915 lae,
959 3848 1061 3921 gradus
1073 3856 1151 3902 orant
1165 3845 1309 3922 inquibus
1324 3867 1437 3906 reomm

901 3942 1021 4001 corpora
1053 3925 1160 4001 populo
1191 3927 1345 4002 spectanda
1372 3945 1439 4001 pro-

902 4007 1088 4080 ponebantur.
1124 4005 1233 4061 Deinde
1245 4023 1320 4062 unco
1328 4006 1435 4081 gutturi

903 4082 999 4152 inlixo,
1029 4084 1058 4140 in
1084 4082 1209 4140 Tiberim
1243 4084 1435 4142 traina-bantur.

904 4161 1049 4219 Gemouioe
1061 4163 1117 4220 illae
1131 4165 1302 4220 Aveiitinum
1327 4165 1396 4222 inter
1407 4174 1437 4221 ct

903 4241 1070 4300 Toataceum
1084 4251 1205 4298 montem
1219 4245 1327 4319 posita.

940 4313 955 4348 ⁴
979 4321 1083 4379 Eadem
1116 4321 1266 4378 Plancina.
1328 4321 1435 4379 Eadem

904 4399 1046 4458 Plancinae
1059 4401 1173 4470 invidia,
1186 4401 1260 4456 idern
1270 4401 1436 4467 odium,aed

902 4481 992 4556 major
1004 4481 1080 4557 apud
1096 4480 1254 4555 Principem
1274 4491 1303 4536 et
1324 4484 1438 4554 Angus-

903 4572 960 4616 tam
982 4561 1080 4634 gratia.
1122 4560 1239 4628 Quanto
1258 4559 1325 4614 vead
1347 4559 1438 4631 major

903 4638 1002 4714 gratia.
1012 4649 1089 4706 tauto
1101 4639 1195 4696 minus
1203 4639 1319 4698 'liberio
1332 4637 1360 4694 in
1372 4656 1436 4694 eam

902 4719 1037 4779 licebat.-
