3200 5509
171 560 308 631 J..c.1s'.
336 608 341 618 ·
459 558 683 624 ANNALIUM
705 561 825 623 LIBER
845 564 1010 624 PRIMUS.
1261 560 1301 632 69

144 724 271 812 sirete,
287 718 404 810 ittori,
420 720 546 817 cunpis
560 714 685 792 sscien
711 744 824 816 neque
840 718 984 793 discerni
1001 735 1155 817 poterant
1173 716 1302 791 incerta

165 842 212 912 ab
228 830 486 926 solidis-brevia
510 832 531 904 i
556 831 744 929 profundis.
795 836 1003 907 Sternuntur
1026 834 1197 922 fluctibus,
1219 833 1301 905 hnu-

166 952 305 1027 riuntur
318 949 530 1050 gurgitibust
552 951 718 1046 jumenta,
731 948 888 1037 eucine,
898 972 1045 1045 corpora
1068 947 1236 1037 exanbna,
1251 948 1302 1021 in·

167 1066 344 1154 terfluunt,
359 1078 561 1139 occursent:
585 1062 834 1157 pemtiscentur
848 1063 937 1135 inter
953 1088 988 1139 se
1002 1062 1177 1159 manipuli,
1192 1062 1301 1137 modb

148 1198 318 1276 pectore,
331 1180 442 1252 modb
455 1202 517 1249 ore
532 1192 632 1249 tenus
655 1192 822 1267 extantes,
841 1178 1025 1275 aliquando
1041 1180 1214 1251 subtracto
1226 1176 1301 1249 soio

164 1294 295 1391 disjecti
321 1310 379 1366 aut
404 1290 541 1365 obruti:
568 1314 639 1362 non
653 1314 738 1380 vox,
766 1307 802 1363 et
825 1290 935 1363 mutui
960 1290 1114 1364 hortatus
1126 1294 1302 1390 juvabant,

164 1410 365 1481 advertente
391 1406 506 1479 undis
531 1404 615 1476 nihii
631 1423 789 1479 strenuus
813 1409 856 1478 ab
872 1407 1008 1505 ignavo,
1033 1406 1164 1502 sapiens
1180 1408 1223 1478 ab
1239 1406 1301 1478 im·

167 1524 341 1619 prudenti,
357 1521 494 1594 consilia
509 1520 531 1590 ti
547 1544 627 1593 casu
642 1520 802 1593 differret
829 1538 951 1593 cuncta
971 1522 1043 1617 pari
1063 1518 1223 1594 vioientii
1251 1517 1301 1590 in·

166 1638 400 1712 volvebantur.
450 1636 607 1707 Tandem
632 1635 788 1713 Vitellius
799 1636 835 1707 in
847 1636 1008 1707 editiora¹
1032 1635 1156 1723 enisus,
1179 1624 1302 1707 eodem

165 1772 292 1848 agmen
311 1750 501 1823 subduxitt
526 1766 770 1845 pernoctavere
795 1751 867 1823 sine
893 1750 1104 1837 utensilibus,
1119 1748 1192 1821 sine
1216 1744 1301 1847 igni,

164 1886 291 1962 magna
305 1884 385 1961 pars
401 1864 500 1943 nudo
514 1878 574 1935 aut
589 1864 738 1936 mulcato
761 1888 918 1960 corpore,
944 1864 1036 1937 haud
1063 1863 1179 1943 minus
1204 1860 1303 1933 mise·

150 1980 299 2075 nabiles,
319 1978 427 2075 quim
450 1972 539 2073 quos
564 1978 670 2051 hostis
689 1978 934 2051 circumsidet>
953 1978 1080 2074 quippe
1107 1976 1173 2048 iliis
1200 1974 1302 2051 etiam

163 2095 319 2167 honestae
332 2092 454 2163 mortis
478 2114 572 2178 usus,
585 2092 643 2164 nis
668 2092 854 2189 inglorium
876 2092 1040 2165 exitium:
1066 2092 1128 2169 lux
1154 2087 1301 2161 reddidit

160 2226 314 2295 terram
341 2222 624 2301 penonnttrmque
646 2208 690 2277 ad
715 2192 852 2280 amnem
877 2205 1077 2303 Unsingin,²
1093 2205 1165 2300 qud
1183 2206 1301 2277 Caesar

160 2323 272 2395 classe
285 2320 520 2391 contenderat:
547 2317 713 2413 impositae
725 2318 848 2390 deinde
860 2319 1022 2417 legiones,
1030 2332 1175 2415 ¹uagante
1190 2314 1300 2388 ianm

159 2437 358 2509 submersas
370 2462 381 2520 ;
408 2456 471 2503 nec
497 2432 583 2503 fides
610 2433 737 2520 saiutis,
760 2432 944 2531 antequim
970 2434 1145 2511 Caesurem
1174 2430 1301 2509 exerci-

160 2568 310 2647 tumque
326 2550 487 2623 reducem
504 2546 629 2621 vidire.
709 2586 715 2598 ·
1270 2550 1276 2565 '

215 2790 273 2859 71.
299 2782 378 2855 Jnnr
400 2782 655 2853 Summus
684 2780 727 2854 ad
760 2780 994 2879 accipiendum
1026 2782 1061 2854 in
1094 2782 1299 2858 deditionem

161 2896 380 2995 Segimerum
405 2894 547 2968 fratrem
575 2898 723 2996 Segestis
748 2898 955 2994 praemissus,
983 2898 1094 2994 ipsum
1127 2914 1161 2970 et
1190 2899 1300 2973 filiurn

159 3013 261 3110 ejus⁴
274 3010 310 3081 in
330 3009 497 3081 civitatem
520 3012 716 3083 Ubiorum⁵
731 3001 960 3107 perduxerat:
988 3012 1064 3085 data
1090 3012 1226 3110 utrique
1242 3040 1301 3087 ve·

157 3127 231 3212 nia,
260 3122 358 3198 facile
402 3124 591 3222 Segimero,
634 3126 850 3199 cunctantibs
882 3126 953 3197 filio
965 3155 976 3215 ;
1014 3126 1093 3223 quia
1123 3122 1299 3221 Quinctilii

158 3240 246 3311 Vari
272 3264 398 3334 corpus
424 3240 577 3312 inlusisse
603 3240 787 3314 dicebatur.
841 3243 1009 3314 Ceterum
1038 3241 1081 3311 ad
1111 3242 1301 3337 supplenda

159 3354 336 3427 exercitus
352 3354 476 3425 damna
492 3372 661 3428 certavere
690 3358 827 3443 Galliae,
854 3352 1176 3451 Hispaniae,1talia;
1205 3356 1299 3452 quo'd

159 3467 287 3564 cuique
303 3485 490 3564 promtum,
507 3493 613 3558 arma,
630 3496 750 3568 equos,
773 3494 896 3542 aurum
919 3468 1121 3541 offerentes:
1149 3492 1299 3565 quorum

159 3582 298 3655 iaudnto
315 3583 426 3654 studio
445 3583 684 3672 Gennanicus,
700 3584 803 3656 armis
826 3584 931 3655 modo
949 3599 983 3653 et
999 3581 1093 3681 equis
1109 3581 1152 3655 ad
1167 3582 1299 3657 bellum

158 3693 292 3783 sumtis,
325 3694 463 3791 proprii
492 3697 637 3792 pecunii
659 3698 801 3770 militem
813 3696 911 3796 juvit.
962 3696 1081 3793 thue
1108 3697 1211 3769 cladis
1228 3723 1299 3771 me-

161 3810 308 3894 moriam
337 3808 438 3890 etiam
467 3810 623 3882 comitate
650 3812 783 3899 leniret,
813 3809 990 3891 circumire
1019 3808 1171 3900 saucios3
1209 3808 1300 3885 facta

158 3922 377 4021 singulorum
402 3923 591 4012 extollere3
623 3924 765 3997 vulnera
793 3924 940 4012 intuens,
966 3923 1070 3998 alium
1094 3948 1168 4019 spe,
1194 3925 1299 3997 alium

158 4037 285 4135 gloriis,
302 4052 444 4110 cunctos
459 4037 609 4135 alloquio
625 4055 658 4110 et
675 4038 772 4129 curi,
789 4038 919 4143 sibique
936 4054 969 4110 et
984 4036 1102 4144 praelio
1119 4038 1285 4119 firmabat,

205 4230 269 4293 'Iu
282 4234 410 4292 editiora.
454 4236 538 4293 Edita
558 4235 617 4293 haec
640 4236 705 4293 loca
800 4230 955 4311 ³Vaguots
969 4232 1063 4313 sami.
1112 4236 1144 4301 in
1171 4236 1300 4301 inferiore

167 4313 261 4370 adhuc
274 4314 404 4371 ridentur
418 4314 447 4372 in
458 4313 634 4393 ripidextrd
645 4335 706 4373 arn·
760 4314 925 4376 Germanii.

165 4392 209 4463 nis
222 4393 358 4469 Unsingis.
798 4390 814 4426 ⁴
826 4392 926 4451 Filium
939 4396 1008 4469 (jun
1025 4394 1212 4467 Sesitpchurn.
1225 4398 1299 4455 vide

207 4468 220 4495 ²
234 4474 279 4528 Ad
288 4493 389 4531 omnem
402 4472 551 4549 Ursingt'n.
564 4472 704 4551 Unsingis,
759 4474 821 4550 ejus
834 4486 914 4531 stent.
927 4492 1012 4549 supra
1024 4493 1090 4552 cap.
1103 4480 1150 4534 55.

165 4552 364 4620 nunc‘Htmsc,
377 4554 419 4608 sel
433 4550 576 4630 Hunst'rtg,
589 4555 637 4613 cui
656 4556 707 4626 utl-
799 4550 973 4613 ⁵Cinitatem
1000 4552 1142 4612 Ubiorum.
1195 4555 1241 4625 Et,
1267 4564 1300 4615 ut

160 4631 320 4705 jaceturbs
343 4631 516 4707 (ironingrn.
558 4634 631 4693 Vide
645 4648 704 4701 not,
761 4632 983 4707 videtum-rum
996 4632 1148 4701 Ubiorum,
1170 4632 1258 4693 Bonn.

166 4724 194 4769 et
206 4711 315 4771 emend.
327 4712 363 4769 ad
377 4715 452 4770 Ann.
466 4728 489 4771 1.
502 4718 552 4779 70.
