3200 5509
160 544 187 625 l.
202 552 296 623 osi.
440 538 664 614 tumtunm
684 528 806 615 mum
823 527 1007 613 nutemus.
1226 526 1301 625 ιη’

161 718 203 789 C.
221 707 369 788 Caesa'ri'
395 706 594 779 Armeniam
610 704 786 793 obtinenti,
809 704 987 778 Tiberium
1012 719 1150 802 quoque
1167 706 1296 779 Rhodi·

53 920 56 925 ·
159 828 333 926 agentem²
356 822 526 895 coluerat:
553 819 646 915 quod
662 835 743 891 tunc
760 816 917 913 patefecit
930 820 1117 892 insenatu:
1143 820 1285 895 laudatis

159 939 196 1013 in
211 936 381 1024 seofficiis,
401 952 434 1007 et
449 934 600 1005 incusato
624 938 651 973 ‘⁶
668 932 720 1001 M.
738 930 912 1004 Lollio.”³
939 954 1042 1027 quem
1067 940 1284 1007 “auctorem

161 1062 188 1097 “
205 1049 398 1127 C..Caesari
430 1042 598 1143 pravitatis
623 1060 657 1115 et
690 1044 961 1139 discordiarum?
996 1049 1179 1143 argueba‘tt
1222 1050 1282 1120 sed

160 1164 275 1241 ceteris
302 1163 393 1235 haud
425 1162 502 1233 laeta
527 1158 690 1231 merueris
712 1157 858 1252 Quirini
890 1174 974 1246 erat,
998 1163 1044 1232 ob
1070 1160 1211 1249 intenta,
1245 1178 1283 1233 ut

159 1276 368 1364 memoravi,4
387 1274 526 1371 Lepidae
545 1273 706 1369 pericula,
727 1272 966 1367 sordidamque
988 1288 1023 1345 et
1038 1280 1284 1370 praepotentem

157 1409 334 1469 mettim.

205 1628 264 1695 49.
288 1620 383 1691 an
406 1614 483 1689 anni
510 1619 552 1691 C.
574 1608 754 1687 Luton‘um
774 1614 954 1703 Priscum,⁵
977 1616 1125 1713 equitem
1155 1599 1283 1689 Roma·

156 1758 253 1823 num,
281 1749 356 1831 post
370 1732 504 1803 celebre
526 1752 675 1818 carmen,
701 1748 771 1825 quo
797 1730 993 1803 Gemmnici
1008 1755 1165 1825 suprema
1180 1730 1285 1803 delle-

155 1864 261 1935 vemt,
292 1844 435 1941 pecuniis
457 1845 620 1917 donatum
646 1843 667 1914 *a
698 1846 846 1931 essare,
867 1842 1030 1939 corripuit
1055 1845 1198 1932 delator,
1222 1847 1283 1917 ob-

151 1964 291 2058 jectans,
316 1968 340 2002 “
357 1976 452 2057 aeg'ro
478 1952 619 2029 Dmso⁶
650 1958 890 2052 composuisse,
922 1959 1029 2052 quod,
1059 1960 1087 2029 si
1112 1960 1282 2031 extinctus

155 2082 179 2117 ‘⁴
195 2072 298 2162 foret,
323 2076 450 2170 majore
482 2071 622 2166 praemio
650 2072 884 2168 vulgaretur.”
922 2072 962 2142 Id
988 2074 1031 2144 C.
1057 2073 1218 2144 Lutorius
1245 2072 1282 2143 in

154 2188 258 2259 domo
278 2188 318 2259 P.
330 2184 491 2271 Petronii,
519 2206 619 2255 socru
637 2186 708 2279 ejus
721 2182 856 2254 Vitellii
880 2203 1009 2272 coram,
1031 2186 1213 2280 multisque
1232 2186 1284 2257 in-
1364 2228 1370 2241 ·

152 2299 314 2372 lusnibus
329 2296 490 2383 foentinis,
507 2320 568 2391 per
583 2296 868 2393 vaniloquentiam
889 2297 1027 2393 legerat.
1076 2300 1128 2376 Ut
1153 2300 1284 2371 delator

151 2412 276 2499 extitit,
304 2410 422 2481 ceteris
453 2410 496 2480 ad
524 2408 706 2481 dicendum
734 2407 964 2481 testimonium
991 2404 1172 2501 exterritis,
1211 2415 1284 2486 sola

152 2525 288 2597 Vitellia
314 2531 340 2566 ‘⁶
355 2520 438 2595 nihil
455 2548 491 2595 se
506 2522 695 2595 audivisse”
720 2512 948 2610 adseveravit3
975 2523 1034 2593 sed
1064 2526 1282 2619 arguentibus

151 2639 194 2711 ad
210 2635 394 2733 perniciem
403 2636 480 2731 plus
496 2635 575 2711 fidei
583 2633 658 2705 fuit.
696 2635 936 2730 Sententiique
947 2635 1077 2706 Haterii
1092 2638 1280 2734 Agrippae⁷

152 2750 299 2825 consulis
314 2746 489 2845 deu‘gmti,
505 2746 670 2819 indictum
685 2771 746 2819 reo
757 2748 917 2819 ultimum
928 2748 1142 2844 supplicium.

198 2990 258 3051 50.
286 2975 457 3051 Connus
479 2976 531 3047 Μ.
555 2974 704 3071 Lepidus
719 2975 755 3047 ln
771 2975 863 3049 hunc
890 2977 1033 3049 modum
1053 3002 1196 3052 exorsus
1217 3000 1277 3053 est.

151 3098 176 3135 “
192 3090 242 3179 Si,
258 3108 370 3187 patres
394 3087 587 3184 conscripti,
609 3106 718 3161 unum
736 3090 770 3160 id
800 3109 1001 3185 spectamus,
1023 3094 1129 3187 quim
1150 3093 1279 3165 nefarii

152 3210 176 3249 “
192 3200 301 3277 voce'
327 3206 370 3276 C.
388 3203 548 3275 Lutorius
565 3203 700 3275 Pn'scus
714 3220 864 3277 mentem
882 3230 990 3292 suam,
1006 3222 1041 3277 et
1056 3230 1154 3278 aures
1171 3206 1280 3276 homi-

147 3325 176 3362 “
190 3342 279 3391 num
294 3314 474 3413 polluerit3
501 3338 613 3411 neque
629 3340 756 3404 carcer,
772 3342 884 3412 neque
905 3319 1058 3413 laqueus,
1083 3342 1126 3389 ne
1143 3320 1280 3390 seniles

149 3564 278 3641 oppidum
297 3562 435 3621 Homouo.
454 3562 553 3621 Cetera
573 3564 686 3621 castella
742 3584 805 3621 ssim
834 3562 929 3622 Caium
958 3563 1067 3620 Orienti
1090 3566 1276 3639 propositum,

150 3658 239 3701 univ.
262 3643 335 3701 inter
359 3660 471 3718 asperas
492 3640 627 3699 contulles
647 3644 687 3699 la·
742 3644 803 3699 culm
822 3642 929 3699 obsedi
939 3642 1036 3718 gratia
1057 3640 1212 3720 trajecisset
1224 3644 1275 3703 Sa·

150 3730 219 3780 test.
255 3720 487 3797 lnexpugnnbiles
502 3721 686 3779 habebuntur.
741 3742 821 3790 mmo,
833 3722 989 3778 alieniorem
1011 3720 1062 3777 sili
1081 3723 1166 3778 sensit
1178 3742 1210 3779 es
1221 3724 1276 3779 cri-

151 3798 206 3857 Eos
233 3802 309 3857 fumo
333 3802 504 3877 expugnavit
529 3800 686 3868 Quirinius.
741 3800 932 3857 minotiouilms
953 3800 1048 3857 Murci
1061 3798 1147 3856 Lollii
1169 3802 1276 3860 comilis

151 3878 287 3947 Quatuor
303 3877 394 3935 millis
406 3879 531 3936 visorum
547 3879 623 3935 vivos
642 3896 687 3936 co-
741 3888 768 3935 et
781 3880 897 3937 rectoris
909 3882 978 3955 ejus.

148 3958 201 4034 pit,
221 3974 295 4034 quos
316 3958 344 4014 in
357 3958 454 4015 vicinis
467 3958 585 4015 urbibus
599 3956 686 4014 collo-
778 3955 793 3990 ⁴
807 3958 850 4015 Ut
860 3959 1015 4017 memoravi.
1043 3960 1137 4035 Supra
1148 3977 1212 4035 cap.
1225 3966 1274 4019 Qu..

149 4036 235 4105 cavit,
261 4054 313 4094 nec
327 4035 400 4093 ullos
414 4048 514 4112 rogetae
535 4038 624 4092 statis
637 4037 686 4092 ho-
779 4035 837 4093 ⁵0.
853 4037 995 4095 latorium
1007 4038 1142 4097 Priscum.
1166 4039 1274 4096 Eodem

150 4116 238 4173 mines
252 4114 364 4193 reliquit
378 4114 583 4190 inclregione.
610 4116 686 4171 Strn-
740 4126 834 4172 nsunt
859 4117 926 4183 Dio,
950 4134 1028 4176 nvn.
1049 4139 1078 4194 p.
1094 4114 1163 4175 616.
1200 4120 1274 4175 l'idc

151 4190 197 4266 bo,
213 4212 276 4253 xm.
289 4212 317 4271 p.
333 4189 401 4260 569.
739 4206 796 4251 not.
809 4206 846 4250 et.
856 4196 966 4252 emend.
980 4198 1015 4253 ad
1030 4202 1104 4273 Atro.
1118 4216 1168 4254 111.
1183 4204 1232 4264 49.

776 4268 789 4299 ⁶
802 4270 894 4350 AEgro
910 4274 1011 4332 Druso.
1032 4275 1138 4333 Tiberii
1153 4276 1220 4333 lilio.

191 4349 374 4409 ¹C.Coesnri.
401 4352 495 4429 Supra
507 4352 652 4409 Annon
775 4350 790 4383 ⁷·
815 4353 931 4410 Haterii
952 4356 1094 4432 Agrippa.
1141 4356 1273 4414 Consulis

187 4426 307 4489 ‘Rhoda'
332 4440 466 4507 agentem.
507 4432 601 4508 Supra
624 4432 685 4485 An·
735 4434 954 4507 annosequentl.

148 4510 206 4569 nst.
221 4529 244 4569 1.
253 4518 283 4569 4.
785 4507 1025 4590 ‘Nefaria'eoce
1067 4511 1183 4570 Nelsn's
1205 4532 1271 4579 vox,

188 4584 262 4646 ³M.
276 4587 376 4647 Lollio.
416 4590 493 4649 Idem
508 4600 683 4666 quoquetvs·
735 4592 823 4667 quod,
841 4608 916 4666 aegro
941 4592 1044 4660 Druso,
1071 4593 1189 4667 lugubre
1210 4609 1272 4649 cau

148 4678 230 4727 tetur
252 4668 329 4729 Suet.
353 4669 381 4730 in
391 4670 456 4727 Tib.
470 4686 531 4729 κη.
565 4670 682 4748 Privlg-
736 4690 799 4729 meu
812 4672 846 4736 dc
859 4672 918 4745 ejus
932 4681 1020 4731 morte
1032 4672 1204 4730 recitaverat.
