3200 5509
613 506 874 627 rar'srsnro.
1264 524 1316 597 rs

187 750 341 833 tacens
384 730 440 813 Iis
460 724 689 827 accuratior
706 738 769 809 est
788 722 882 807 MS.
906 726 1038 813 1958.Ι
1096 720 1196 835 Ejus
1214 735 1315 841 oetas

187 882 231 963 in
249 879 343 961 libri
361 876 441 957 fine
458 894 670 979 expressa:
700 866 785 947 “Si
805 863 1009 974 quispiam
1026 864 1122 945 hinc
1137 867 1316 978 descrip-

188 1022 285 1107 serit
302 1042 469 1111 novum,
496 1011 601 1093 sciat
629 1034 708 1105 me,
737 1022 941 1115 quantum
973 1007 1116 1113 reperi,
1144 1010 1314 1103 fideliter
1344 1118 1350 1125 ἱ

187 1164 243 1248 nb
260 1158 446 1269 exmuplo
467 1150 773 1259 transcripsisse,
802 1148 915 1257 quod
945 1148 1226 1247 intercetera,
1245 1154 1313 1269 ¹cle

187 1304 336 1413 quibus
367 1300 503 1395 scitur,
544 1320 627 1375 non
660 1306 886 1399 estusque
917 1290 1152 1398 pessimum,
1179 1321 1313 1402 neque

183 1443 550 1540 mendosissimum.
609 1442 712 1531 Τέλος
731 1448 809 1539 Θεῷ
822 1439 954 1541 χάριεν.
1012 1430 1096 1514 Die
1121 1438 1314 1543 septimas

187 1588 350 1685 decima
369 1581 558 1665 Octobris
577 1578 631 1661 ab
650 1553 741 1657 ortu
762 1573 981 1677 Salvatoris
995 1578 1122 1658 nostri
1142 1576 1312 1663 Domini

185 1730 289 1815 Jesu
310 1724 458 1813 Christi
496 1746 604 1806 anno
629 1724 745 1809 1449.
804 1715 980 1816 Genua,
1004 1718 1134 1827 pridie
1162 1720 1312 1803 festum

187 1872 272 1955 divi
292 1870 418 1953 Lucre
439 1860 748 1974 Evangelistae.”

243 2149 444 2235 Praetered
463 2147 667 2230 Vaticana
697 2142 955 2227 Bibliotheca
985 2146 1160 2231 minores
1187 2147 1314 2237 habet
1442 2162 1445 2168 ’

185 2291 319 2377 Taciti
335 2294 470 2375 libros.
512 2292 562 2375 In
583 2287 676 2371 MS.
698 2288 832 2371 1518.²
869 2294 895 2330 “
916 2284 964 2367 C.
983 2286 1158 2371 Cornelii
1177 2288 1312 2375 Taciti

186 2433 387 2546 Dialogus
421 2435 474 2517 de
506 2432 755 2515 Oratoribus.
812 2428 859 2511 C.
891 2428 1069 2520 Corrtelii
1097 2430 1229 2515 Taciti
1259 2432 1312 2522 de

186 2578 341 2686 origine
372 2588 416 2659 et
448 2577 525 2657 situ
567 2575 879 2658 Germanorum.
937 2572 1031 2655 MS.
1075 2576 1204 2659 mos}
1262 2574 1309 2657 C.

188 2718 364 2805 Cornelii
393 2717 527 2800 Taciti
561 2717 612 2799 de
645 2717 797 2826 origiue
827 2732 870 2799 et
895 2718 975 2799 situ
996 2716 1309 2807 Germanorum.

187 2858 362 2943 Cornelii
395 2859 527 2943 Taciti
574 2858 772 2969 Dialogus
817 2858 870 2941 de
914 2858 1165 2943 Oratoribus.
1214 2858 1310 2943 MS.

186 3000 326 3100 2964.4
351 3000 560 3085 Cornelius
579 3001 753 3106 Tacitus,
775 3004 829 3087 de
855 3003 1016 3112 origine>
1034 3014 1077 3085 et
1107 3004 1187 3085 situ
1207 3000 1312 3085 Ger·
1351 2975 1355 2985 Ι

105 3191 108 3199 1
187 3170 427 3237 manorum
456 3156 610 3255 etpars
635 3144 804 3255 Dialogi
836 3146 889 3227 de
917 3143 1168 3235 Oratoribus.
1214 3141 1309 3227 MS.

186 3289 322 3382 3429.ς
351 3285 525 3371 Cornelii
554 3287 685 3372 Taciti
719 3290 772 3371 de
805 3290 892 3371 vita
922 3301 964 3393 et
994 3285 1173 3368 moribus
1206 3284 1309 3371 Julii

231 3656 242 3685 ¹
259 3648 438 3733 Descriptio
451 3662 496 3714 est
506 3650 523 3714 ὲ
535 3648 611 3714 MS.
621 3648 726 3715 codice
769 3656 789 3689 “
801 3650 871 3734 Ego
881 3662 995 3716 tanturn
1005 3650 1133 3737 repperi,
1147 3662 1179 3716 et
1187 3650 1309 3719 melios·

186 3736 356 3813 Genuenni,
378 3758 467 3821 quem
480 3735 561 3813 vidit,
579 3748 630 3799 aut
643 3737 727 3883 crlrp'm
769 3736 872 3800 culum
891 3734 982 3799 feci.”

188 3818 343 3903 exemplar
355 3819 459 3884 habuit
474 3820 649 3885 Frouciscus
694 3844 726 3883 u·
813 3830 826 3859 *
840 3822 1090 3898 Chartaceusest,
1104 3823 1235 3887 eteeculi
1248 3846 1309 3891 xv.

189 3905 334 3985 teolanus,
366 3917 399 3968 ut
417 3906 484 3992 jam
508 3904 728 3969 observavimus
773 3906 861 4003 ,¹³⁸9
877 3905 1012 4003 Dialogi,
1046 3930 1118 4004 qum⁴
1148 3906 1191 3972 ibi
1218 3924 1310 3990 extat,

189 4012 520 4173 'iinmepnunaceu
534 4087 599 4141 est:
624 4074 728 4141 seculo
771 3993 1136 4160 ppcfflpeppabppl'rerpp
1163 3998 1310 4145 illidiudlb

191 4180 268 4227 xiv.
287 4178 342 4222 serr
365 4174 412 4224 rus
426 4160 551 4224 viderur.
772 4160 889 4239 Asinio,
912 4161 991 4226 &cl’

192 4274 196 4285 ·
233 4182 374 4309 ³Seculb
388 4266 448 4308 xv.
463 4258 495 4308 ut
508 4246 633 4325 videtur,
659 4268 729 4309 exa·
815 4237 1026 4310 ’Chartaceur
1051 4271 1171 4332 quoque
1193 4251 1309 4317 codex:

190 4340 272 4396 ratus
284 4356 308 4409 3·
328 4342 373 4393 et'
393 4332 647 4394 membranaceos.
690 4330 727 4393 Iu
771 4343 803 4393 et
815 4331 978 4415 descriptos
992 4332 1011 4393 d
1027 4332 1200 4417 Pomponio
1212 4334 1311 4415 Laeto,

190 4415 251 4481 fine
266 4412 387 4500 Dialogi
412 4413 560 4481 iscribd'
577 4416 728 4481 additum:
770 4414 835 4481 viro
864 4416 1074 4515 eruditissimo,
1116 4419 1168 4507 qui
1195 4432 1312 4505 ceptru-
