3200 5509
299 543 358 599 2⁵⁴
661 537 696 595 C.
716 533 913 595 CORNELII
931 534 1067 628 'raom
1210 538 1248 593 A,
1261 534 1300 595 U.
1311 535 1346 593 C.
1355 541 1426 602 777.

297 687 451 780 Asinius,
476 690 637 787 “Gyaro
658 697 717 761 a'ut
740 686 903 761 Βοιιιιεᾶι
928 687 1183 762 claudendum”
1207 711 1363 761 censere:
1386 688 1422 759 id

297 828 436 902 quoque
451 819 645 899 aspernatus
660 820 723 891 est,
749 808 775 845 “
790 825 934 899 egenam
942 826 1042 899 aquae
1057 819 1240 899 utu-amque
1252 800 1424 877 msulam”

297 916 462 1005 referens,
486 917 725 1013 “dandosque
750 914 828 987 vitae
857 940 951 1003 usus,
975 915 1031 987 cui
1049 917 1118 987 vita
1141 916 1425 992 concederent?

296 1032 348 1109 Ita
362 1034 509 1109 Serenus
528 1034 725 1127 Amorgum
751 1044 953 1123 reportatur.
1003 1030 1050 1103 Et
1065 1029 1144 1125 quia
1161 1032 1341 1105 Cornutus
1364 1028 1428 1105 sui

297 1168 401 1217 mauu
433 1144 611 1231 ceciderat,
636 1148 662 1185 “
677 1157 805 1229 actum¹
822 1141 868 1213 de
894 1141 1041 1237 praemiis
1067 1148 1324 1217 accumtomm²
1347 1146 1429 1215 abo

298 1266 325 1303 “
340 1257 460 1348 lendis,
484 1257 513 1331 si
540 1256 617 1353 quis
643 1254 821 1355 majestatis
851 1258 1039 1351 postulatus
1065 1273 1144 1330 aute
1161 1255 1354 1353 perfectum
1371 1259 1431 1354 ju·v

299 1371 469 1445 “dicium
510 1396 547 1443 se
587 1368 659 1466 ipse
693 1368 762 1441 viti
793 1368 1033 1465 privavisse?
1070 1371 1251 1469 ibaturque
1283 1370 1321 1441 iu
1351 1394 1426 1442 eam

298 1486 510 1573 sententiam,
533 1484 569 1557 ni
596 1482 718 1559 durius
749 1500 933 1581 contraque
961 1509 1094 1557 morem
1115 1510 1217 1565 suum
1236 1484 1350 1580 palem
1363 1502 1439 1579 pro·

298 1598 548 1675 accusatoribus
571 1599 699 1686 Caesar,
724 1603 750 1640 ‘⁶
766 1596 1008 1705 hnmqleges,
1032 1598 1280 1695 rempublicam
1295 1598 1430 1693 inprae-

174 1791 184 1809 ,
300 1720 327 1757 “
342 1712 458 1809 cipiti”
499 1728 704 1807 conquestus
742 1727 845 1787 esset:
887 1719 913 1755 “
929 1714 1164 1785 subverterent
1196 1713 1316 1809 potius
1339 1715 1430 1810 jun,-

301 1833 328 1870 “
343 1826 449 1924 quim
465 1826 623 1901 custodes
633 1850 753 1899 eorum
763 1828 995 1899 moverent”
1046 1826 1102 1901 Sic
1115 1827 1298 1915 delatores,
1322 1850 1430 1924 gatus

300 1938 480 2015 hominum
505 1939 641 2037 publico
655 1940 761 2013 exitio
787 1958 975 2037 repertum,
999 1957 1034 2012 et
1049 1940 1159 2037 poenis
1174 1940 1319 2038 quidem
1333 1964 1430 2013 uum-

300 2078 406 2153 quam
417 2054 494 2129 satis
510 2054 708 2144 coercitum,
732 2080 794 2153 per
806 2054 1184 2152 praemiaeliciebmtur.

352 2296 409 2359 81.
435 2286 505 2379 Hrs
537 2301 607 2357 tam
635 2284 794 2373 adsiduis,
827 2302 966 2383 tamque
990 2284 1133 2373 moesu‘s,
1158 2282 1295 2358 modica
1319 2282 1429 2359 htitir

301 2398 511 2497 interjicitur,
535 2400 631 2497 quod
649 2402 690 2471 C.
710 2399 921 2487 Cominium,
948 2399 1099 2497 equitem
1115 2400 1330 2487 Romanum,
1354 2422 1430 2493 pro·

302 2514 395 2587 brosi
409 2514 445 2585 in
460 2538 496 2586 se
512 2513 668 2586 carminis
684 2514 891 2603 convictum,
916 2514 1033 2589 Cmsar
1047 2512 1206 2610 precibus
1220 2511 1350 2599 fratris,
1373 2510 1429 2609 qui

301 2644 437 2701 senator
468 2642 551 2713 erat,
587 2626 761 2699 concessit.
827 2626 912 2722 Qud
940 2628 1048 2725 magis
1075 2625 1202 2699 mirum
1232 2627 1431 2712 habebam,

301 2763 448 2839 guarum
479 2740 673 2827 meliorum,
708 2758 742 2813 et
768 2766 846 2837 quae
867 2739 1190 2821 semelenentium
1218 2756 1433 2838 sequeretur,

303 2852 448 2927 tristiora
475 2854 592 2942 malle;
629 2875 740 2949 neque
773 2854 865 2925 enim
892 2853 1048 2927 socordii
1072 2856 1250 2951 peccabam
1286 2876 1352 2925 nec
1377 2877 1431 2924 oc·

303 2966 434 3039 cultum
450 2982 512 3055 est,
537 2968 675 3063 quando
695 2992 740 3039 ex
755 2970 906 3057 veritate,
922 2969 1062 3065 quaudo
1073 2964 1289 3039 'adumbrati
1305 2964 1430 3053 laetitii,

305 3078 394 3153 facta
408 3081 651 3177 imperatorum
670 3083 900 3157 celebrentur:
928 3084 1012 3179 quin
1030 3085 1101 3181 ipse
1117 3082 1327 3179 compositus
1341 3079 1433 3167 aliis,

306 3210 341 3267 et
355 3194 448 3268 velut
464 3195 698 3269 eluctantium³
728 3200 925 3291 verborum,
950 3198 1097 3273 solutius
1112 3196 1353 3294 promtiusque
1366 3194 1434 3267 elo-

305 3308 484 3407 quebatur,
509 3308 664 3407 quotiens
673 3310 876 3385 subveniret.
918 3315 968 3383 At
978 3312 1018 3385 P.
1032 3311 1206 3398 Suilium,⁴
1229 3326 1433 3407 quaestorem

349 3478 359 3506 ¹
381 3482 477 3559 Gyaro
489 3491 538 3539 eut
552 3480 678 3541 Denesd.
715 3483 845 3555 Donusa,
897 3492 959 3542 tum
979 3486 1009 3541 in
1029 3493 1087 3541 tuot.
1113 3494 1142 3541 et
1160 3482 1272 3540 emend.
1296 3500 1360 3557 cap.
1386 3486 1434 3538 to.

310 3560 389 3637 AEgei
402 3562 484 3618 rearis
505 3561 606 3633 insuli,
628 3582 703 3620 ttttnc
718 3560 844 3622 Struma.
897 3563 1103 3632 EosTiberius,
1111 3561 1283 3639 suspiciosus
1293 3562 1432 3635 Princeps,

309 3638 355 3695 De
368 3639 466 3716 Gyaro
478 3641 586 3699 dictum
606 3642 709 3699 Annal.
723 3660 774 3700 111.
794 3640 843 3701 68.
899 3642 974 3701 fovet
998 3660 1032 3699 ac
1056 3641 1186 3720 protegit,
1213 3650 1248 3697 ut
1270 3640 1378 3698 dividet
1406 3652 1435 3695 et

310 3718 673 3795 DeAmorgo‚Annul.1v.
688 3726 733 3779 13.
861 3732 866 3740 ’
900 3734 1005 3779 menet.

349 3794 363 3822 ²
380 3798 426 3857 De
439 3799 559 3875 premiis
576 3808 774 3859 accusatorum.
814 3802 845 3857 Si
930 3770 949 3830 ᾖ
983 3802 1185 3861 Eluetentirm.
1222 3796 1386 3856 Difficulter
1406 3806 1434 3854 et

309 3890 458 3937 accusatus
467 3880 655 3948 damnaretur,
665 3892 733 3937 tunc
745 3890 846 3954 quarm
898 3881 1030 3957 ambigue
1038 3883 1219 3945 exeuntium
1233 3886 1434 3935 utseusussues

310 3976 374 4033 pars
404 3956 544 4015 bonorum
565 3959 778 4016 accusatoribus
804 3979 849 4016 ce-
897 3960 1051 4017 occuleret.

301 4038 404 4093 .debet.
445 4036 499 4094 Sed
512 4036 534 4093 si
549 4050 666 4093 mortem
680 4038 708 4093 in
725 4058 753 4095 se
774 4036 848 4095 sesti·
935 4035 1014 4097 ⁴Ae
1036 4038 1072 4096 P.
1098 4034 1226 4095 sutrium.
1269 4038 1304 4095 P.
1332 4036 1434 4095 Suilius

311 4112 413 4185 nisset,
432 4126 501 4173 tunc
524 4118 598 4179 bona
619 4117 679 4190 ejus
702 4136 757 4173 ιιοιι
777 4115 846 4186 fisci,
898 4117 984 4174 ltslid
997 4117 1108 4175 tuntum
1127 4118 1165 4173 ob
1182 4116 1435 4199 quredmn'flugitis

182 4268 185 4275 Ι
311 4192 615 4262 eedheredum,erant.
651 4193 781 4253 Solvendi
795 4194 847 4253 ita·
897 4198 1058 4255 arcebatur.
1079 4199 1118 4253 At
1129 4196 1278 4253 seiunctus
1291 4197 1435 4271 pecuniam

310 4292 367 4349 que
376 4292 411 4329 ex
424 4273 491 4331 fisco
502 4286 691 4342 accusatorem
704 4274 780 4349 quod
794 4271 846 4332 hic
897 4277 935 4332 eb
950 4294 1007 4332 rem
1015 4275 1202 4351 Judicundem
1210 4274 1327 4351 cepisse,
1336 4292 1396 4331 eum
1407 4275 1435 4333 iu

311 4362 402 4421 aetste,
410 4352 622 4412 accusationum
634 4352 775 4423 foecunde,
785 4372 846 4429 gre·
900 4354 1020 4412 insulem
1051 4354 1239 4412 amovendum
1265 4354 1372 4411 cmtsuit
1389 4353 1435 4410 'l'i-

311 4430 467 4489 vissimum.
510 4431 576 4489 ldeo
598 4440 695 4489 actum
720 4432 754 4489 de
777 4452 848 4508 prae·
901 4434 1003 4490 berius.
1043 4434 1089 4491 De
1104 4432 1207 4502 Suilio,
1227 4435 1391 4509 praepotenti
1407 4444 1435 4491 et

310 4508 848 4587 miisuccusatorumabolendissiquis,
899 4512 1114 4570 venelihomine
1127 4511 1221 4571 multu
1229 4512 1436 4572 dictuturiut're

311 4588 462 4665 majestatis
474 4589 641 4668 postulatus,
661 4608 689 4647 se
710 4590 768 4666 ipsc
790 4586 845 4647 vitri
899 4592 1005 4653 Annei.
1018 4609 1056 4652 ιι
1068 4603 1098 4651 et
1111 4605 1187 4651 rut.
1246 4663 1250 4669 Ι

203 4674 209 4687 ”
310 4669 483 4753 privavisset.
524 4670 569 4727 De
595 4668 766 4727 delatoribus
786 4668 846 4728 dic·
