3200 5509
256 463 339 531 xlviii
689 446 948 527 anrs‘rlo.

257 664 396 747 tentiae
423 662 713 773 praecipuaque
731 658 870 750 verba,
895 668 1108 768 tamquam
1126 663 1319 771 primaria
1337 677 1380 747 et

258 806 421 915 propria
440 804 649 913 sapientire
670 801 874 910 principia
891 815 987 884 sunt
1004 816 1208 916 excerpta,
1235 807 1380 916 ampli.

216 979 219 989 ·
257 947 393 1046 ficata,
439 958 527 1029 tum
579 956 791 1040 veterum,
826 957 913 1026 tum
950 948 1173 1031 recentium
1209 960 1380 1033 aetatum

240 1152 242 1157 -
260 1092 455 1201 exemplis
475 1090 751 1197 comprobata.
810 1086 903 1169 Hac
934 1089 978 1169 in
996 1090 1220 1174 studiorum
1239 1095 1384 1204 palaes·

262 1240 338 1331 tra,
366 1233 596 1343 speciosiori
628 1229 745 1327 forte,
774 1228 900 1339 quam
934 1233 1099 1332 utiliori,
1131 1236 1249 1318 multi
1276 1238 1385 1320 inter

263 1376 389 1458 Italos
403 1376 665 1471 desudarunt,
684 1398 859 1481 quorum
877 1374 1117 1459 nobilissimi
1131 1392 1227 1461 sunt
1241 1377 1384 1490 Scipio

262 1518 505 1615 Ammirato,
534 1518 731 1601 Ascanius
757 1516 1036 1615 Piccolomini,
1062 1520 1258 1632 Trajauus
1278 1519 1387 1606 Boo·

265 1632 415 1760 calini,
443 1662 654 1772 Philippus
688 1659 900 1759 Carriana,
941 1660 1131 1773 Virgilius
1170 1663 1385 1763 Malveazi,

112 1864 113 1871 a
266 1818 309 1889 et
329 1806 512 1917 Raphael
544 1806 652 1889 dalla
669 1804 805 1889 Torre.
864 1806 1063 1889 Eamdem
1083 1809 1195 1917 apud
1217 1806 1388 1891 Genna-

268 1976 342 2032 nos
359 1948 524 2033 laudem
542 1949 721 2032 aemulati
746 1960 843 2031 sunt
859 1948 992 2035 Janus
1012 1948 1226 2047 Gruterus,
1255 1948 1391 2075 Chris-

268 2093 465 2203 tophorus
477 2092 724 2191 Forstnerus,
744 2085 954 2176 Cornelius
968 2092 1389 2191 LentulusdeLenta,

109 2244 113 2252 ‘
269 2230 421 2345 aliique
441 2236 628 2345 plurimi3
657 2246 699 2318 et
728 2235 834 2319 forte
866 2237 914 2317 iis
947 2237 1144 2332 meliores,
1174 2237 1271 2345 quia
1302 2238 1391 2319 bro·

227 2430 228 2433 ¹
269 2378 414 2477 viores,
435 2376 642 2461 Abraham
656 2376 1058 2461 GolnitzetMarcus
1074 2376 1389 2489 ARechlingen.

272 2520 371 2604 Non
383 2516 521 2603 'soldm
540 2522 644 2603 inter
664 2520 883 2629 Hispanos,
910 2518 981 2601 sed
1000 2520 1124 2601 etiam
1143 2521 1248 2601 inter
1262 2520 1391 2603 Italos

270 2690 419 2747 nomen
437 2662 615 2745 obtinuit
634 2661 852 2743 Balthazar
869 2660 1050 2743 Alamos.
1107 2661 1181 2744 His
1212 2661 1393 2746 maxime

270 2806 463 2914 operibus
499 2804 609 2914 apud
647 2802 789 2887 Gallos
827 2805 1007 2886 innotuit
1044 2802 1209 2886 Amelot
1253 2806 1306 2888 de
1352 2808 1393 2887 la

273 2944 482 3043 Housaaie.
540 2946 739 3057 Majorem
782 2949 843 3027 in‘
869 2946 1082 3029 Britannia
1117 2947 1392 3030 celebritatem

271 3088 486 3171 adsecutus
518 3102 579 3171 est
610 3078 787 3172 Thomas
821 3088 1005 3171 Gordon.
1062 3090 1133 3185 At,
1156 3091 1277 3197 'quod
1303 3092 1392 3202 jam

270 3258 393 3342 supra
424 3233 578 3327 monui,
606 3232 697 3339 plus
732 3230 833 3313 mihi
861 3230 1020 3312 videtur
1049 3232 1092 3311 in
1120 3230 1181 3312 bis
1214 3232 1392 3341 politicis

269 3376 624 3459 exercitationibus
669 3376 962 3472 ostentationis,
1009 3372 1135 3483 quam
1182 3375 1392 3457 utilitatis:

270 3520 400 3626 iisque
420 3519 734 3629 praeceptoribus
753 3506 982 3599 retardatur
995 3499 1137 3625 tnagis,
1157 3516 1281 3625 quarn
1295 3517 1395 3602 iuci-

270 3672 379 3741 latur
397 3660 567 3741 animus.
627 3658 796 3740 Brevius
814 3658 1046 3765 certiusque
1074 3658 1150 3738 iter
1169 3658 1394 3767 ingredien-

269 3804 384 3907 dum,
440 3798 638 3908 Quisquis
657 3792 867 3909 politicam
891 3800 1151 3907 prudentiam
1186 3799 1395 3884 addiscere

269 3946 438 4053 cogitat,
465 3944 655 4029 Tacitum
675 3946 796 4053 legat.
856 3943 943 4038 Qui
971 3954 1152 4023 mentem
1182 3945 1232 4024 ea
1261 3943 1395 4024 imbu-

269 4098 355 4171 tam
387 4089 589 4197 percupit,
627 4086 817 4168 Tacitum
858 4086 1019 4193 relegat.
1078 4084 1172 4168 Hbc
1209 4085 1277 4166 via
1312 4084 1395 4166 iere

121 4310 127 4317 .
268 4230 478 4339 sapientiae
512 4254 711 4342 proceres,
740 4256 845 4340 quos
877 4229 988 4338 prior
1014 4239 1113 4309 aetas
1141 4228 1288 4308 mirata
1319 4236 1394 4309 est.

269 4372 363 4457 Huc
396 4386 582 4483 pergant,
609 4400 714 4483 qnos
729 4455 734 4463 ,
746 4373 875 4484 gloria
905 4382 950 4455 et
993 4370 1179 4453 utilitatis
1216 4369 1395 4479 publiea

265 4518 451 4603 studium
470 4516 671 4604 accendit.
891 4518 899 4525 ’
1395 4505 1404 4522 ’
