3200 5509
352 523 412 594 176
625 607 629 618 Ι
736 520 771 578 c.
791 519 987 581 connmn
1006 518 1141 582 mem
1177 564 1187 577 .
1267 529 1463 601 mucan.

351 677 530 774 consules:
547 699 668 782 neque
683 699 746 770 per
761 691 931 748 tormenta
950 674 1150 774 interrogari
1166 699 1283 774 passus
1299 699 1349 754 est
1359 684 1398 756 de
1411 686 1463 778 hir,

349 791 432 890 'quae
454 792 496 863 ad
519 790 661 860 domum
677 812 773 860 suam
788 788 1005 882 pertinerent
1053 789 1192 863 Exemit
1203 793 1305 865 etiam
1316 797 1463 889 Drinum,

348 891 529 980 'consulem
545 902 769 998 designatum,
785 901 938 974 dicendae
954 900 1065 996 primo
1081 902 1158 974 loco
1170 907 1365 980 sententiae:
1387 915 1463 1006 quod

353 1019 408 1090 alii
433 1017 528 1090 civile
557 1005 743 1102 rebantur,¹
785 1021 811 1056 “
839 1038 884 1086 ne
916 1015 1034 1115 ceteris
1071 1016 1279 1092 adsentiendi
1310 1026 1463 1098 necessitas

354 1136 381 1172 “
398 1119 542 1202 fieret':''
570 1125 707 1222 quidam
728 1124 771 1196 ad
792 1123 953 1196 saevitiam
969 1125 1146 1198 trahebant
1159 1133 1193 1218 3²
1222 1121 1464 1227 “nequeenim

355 1249 382 1288 “
397 1265 573 1316 cessurum
588 1237 650 1311 nisi
662 1238 844 1316 damnandi
855 1237 1003 1310 officio.’'
1406 1243 1408 1245 ’

347 1461 351 1468 ’
405 1482 464 1542 23.
490 1470 638 1542 Lnnmn
665 1467 830 1544 ludorum
851 1466 983 1556 diebus,
1008 1469 1067 1566 qui
1093 1468 1324 1567 cognitionem
1347 1473 1465 1550 interre-

348 1573 489 1671 nerant,
513 1583 703 1656 theatrum³
728 1607 808 1656 cum
834 1582 932 1675 clauis
960 1581 1109 1656 foeminis
1132 1584 1298 1682 ingressa,
1331 1588 1465 1662 lamenta

271 1696 273 1702 ’
355 1698 447 1770 tione
464 1695 565 1770 flebili
581 1704 607 1739 “
623 1700 766 1795 majores
775 1698 879 1770 suos”
898 1697 1001 1784 ciens,
1018 1697 1234 1796 “ipsumque
1244 1701 1464 1798 Pompeium,'’

276 1817 279 1822 '
357 1812 453 1908 cujus
477 1836 516 1882 ea
540 1809 747 1883 monimenta
768 1826 802 1882 et
823 1810 989 1882 adstantes
1004 1809 1166 1907 imagines
1182 1813 1386 1904 visebantur,
1406 1833 1462 1891 tau·

356 1942 431 1997 tum
448 1923 685 1998 misericordiae
706 1923 886 2020 permovit,
911 1941 949 1994 ut
970 1923 1068 2000 effusi
1095 1925 1132 1996 in
1154 1925 1337 2024 lacrymas,
1360 1936 1383 2016 ‘f
1396 1955 1466 2000 saen

316 2113 323 2122 ,
357 2045 433 2110 “et
455 2037 649 2110 detestanda
678 2037 859 2132 Quirini&
898 2039 1120 2128 clamitarent,
1161 2047 1190 2082 “
1214 2045 1315 2139 cujus
1345 2061 1464 2116 senene

352 2157 383 2194 '“
400 2168 501 2248 atque
515 2151 649 2224 orbitati
673 2168 706 2223 et
722 2149 967 2224 obscurissimae
984 2151 1114 2241 domui,
1139 2154 1305 2228 destimta
1318 2157 1465 2253 quondan

347 2257 382 2307 '⁴‘
400 2291 489 2337 uxor
516 2267 557 2338 L.
577 2264 731 2354 Caesari,4
755 2291 793 2339 ac
819 2266 898 2341 divo
923 2270 1084 2363 Augusto
1112 2290 1232 2356 nurus,
1257 2269 1428 2342 dederetur
1436 2272 1463 2340 :”

352 2379 435 2451 dein
451 2379 626 2452 tormentis
647 2404 824 2453 servorum
849 2378 1014 2476 patefacta
1032 2399 1111 2455 sunt
1127 2380 1263 2478 flagitia,
1284 2383 1464 2480 itumquein

349 2492 554 2566 'sententiam
572 2493 721 2564 Rubellii
745 2493 880 2580 Blandi,
905 2491 926 2563 ai
943 2519 1012 2590 quo
1038 2493 1127 2589 aqui
1147 2497 1248 2590 atque
1268 2496 1342 2594 igni
1356 2498 1465 2568 arceba-

355 2624 423 2677 tur.
474 2603 565 2676 Huic
593 2605 729 2676 Drusus
757 2605 915 2694 adsensit,
948 2631 1155 2703 quamquam
1182 2607 1238 2680 alii
1266 2610 1383 2682 mititis
1406 2632 1464 2682 ceu·

350 2719 519 2790 'suissentz
546 2741 631 2788 mox
656 2719 797 2806 Scauro,
824 2718 882 2815 qui
907 2719 1012 2790 filiam
1037 2745 1082 2790 ex
1098 2718 1139 2791 et
1155 2723 1335 2817 genuerat,
1358 2725 1463 2809 datum,

356 2853 401 2903 ne
432 2834 521 2901 bona
548 2830 812 2930 publicarentur.
862 2835 955 2904 Tum
984 2834 1125 2904 demum
1156 2834 1287 2930 aperuit
1319 2826 1463 2920 Tiberius,

357 2951 384 2986 “
400 2961 613 3040 compertum
629 2945 690 3017 sibi
706 2946 808 3016 etiam
829 2971 874 3018 ex
890 2942 929 3018 P.
944 2944 1091 3042 Quirinii
1112 2947 1229 3037 servis,
1256 2972 1390 3022 veneno
1403 2971 1464 3021 eum

352 3063 383 3099 '⁴‘
400 3057 420 3129 i
437 3056 567 3154 Lepidi
583 3058 761 3154 petitum.'’

405 3201 467 3327 24.
483 3256 732 3328 Inuusrnmn
744 3253 912 3330 domuum
922 3256 1061 3328 adversa
1070 3257 1213 3352 (etenim
1228 3257 1322 3331 haud
1338 3256 1464 3331 nuum

401 3463 410 3494 ¹
438 3463 525 3522 Civile
547 3457 712 3522 rebantur.'
741 3463 831 3522 Civile
857 3485 892 3522 ac
949 3465 1101 3535 sententiae,
1120 3466 1172 3524 nisi
1187 3476 1220 3523 ut
1233 3465 1464 3546 Lepidamcertilt

360 3542 527 3612 humanum,
542 3545 706 3602 sententium
726 3545 818 3620 primo
830 3543 895 3602 loco
951 3543 1105 3602 damnaret.
1145 3545 1345 3606 Certidscnim
1362 3549 1464 3612 dentum,

361 3641 417 3678 non
430 3621 486 3678 dici
499 3621 535 3678 ab
556 3621 617 3689 illo,
640 3623 687 3679 cui
702 3623 786 3680 ceteri
800 3642 894 3680 omnes
944 3621 999 3696 'qui
1018 3637 1156 3698 postremo
1179 3623 1243 3682 loco
1267 3622 1466 3685 sententiandi-

322 3693 324 3699 *
355 3701 565 3774 adsentiuntur.
607 3701 667 3775 Cnr
687 3700 785 3758 consul
808 3702 895 3778 desig-
950 3701 1464 3780 cit:immopenesillumtotajudicii

360 3795 444 3840 natus
456 3775 619 3856 sententiam
641 3781 731 3856 primo
745 3779 809 3837 loco
821 3781 896 3838 dice-
950 3798 1071 3851 summu,
1091 3782 1159 3839 clun
1180 3783 1210 3838 in
1221 3803 1320 3860 aquas
1338 3798 1421 3860 panes
1433 3781 1464 3837 di·

362 3861 414 3930 ret,
435 3859 609 3934 conjectatus
636 3859 794 3934 Appiamm,
823 3860 896 3917 Bell.
951 3858 1230 3934 vidunturjudicum
1250 3865 1397 3922 sententia.
1431 3861 1465 3916 lu

362 3938 488 3996 civilu.
511 3957 539 4014 p.
560 3944 628 3996 430,
650 3937 708 3994 ait:
737 3958 795 3994 enm
809 3940 896 3996 multo
952 3938 1466 4015 censuitDrusus,quiRubellioBlm·

362 4017 394 4076 en'
403 4017 535 4076 consultis
540 4015 638 4092 posted
649 4025 845 4089 exsecuturum,
853 4038 897 4075 to·
952 4016 998 4086 do,
1012 4017 1126 4074 duriora
1138 4023 1316 4096 proponenti,
1326 4020 1442 4079 adseruit

351 4096 481 4173 ,pientius
500 4103 528 4152 et
552 4095 660 4154 cealtide
674 4095 822 4153 corrrulere.
842 4095 895 4152 Al-
991 4089 1003 4124 ³
1032 4093 1192 4157 Theatrum.
1240 4100 1336 4176 lpsum
1359 4094 1464 4172 Pompeii

360 4177 410 4238 τὶς,
442 4167 520 4247 cipiet,
551 4173 639 4228 πολλὰ
671 4175 718 4228 tiit
750 4172 897 4252 captapulum
952 4173 1092 4231 theatrum
1114 4195 1189 4233 almo
1215 4177 1251 4236 U.
1267 4181 1303 4236 C.
1322 4175 1387 4247 699.
1404 4178 1465 4232 dict·

362 4249 525 4332 ἰςγισέμινος,
546 4253 591 4308 ul
609 4251 634 4308 ’or
651 4253 685 4308 τί
702 4245 897 4331 iitissavno'nglr
952 4246 1023 4322 tum,
1043 4255 1120 4327 quod
1135 4257 1322 4332 quadraginta
1339 4258 1463 4314 bominum

336 4327 388 4404 'jn
410 4333 454 4386 ul
475 4325 626 4410 tinniit-rgo
647 4326 821 4405 indepto-lpum
842 4333 897 4410 rigi
951 4331 1041 4388 millia
1050 4331 1126 4410 large
1134 4337 1275 4411 cupiebat.
1287 4336 1464 4394 Plinxxxtt.

362 4407 463 4470 ἱιιίςου.
954 4416 999 4466 15.
1032 4411 1126 4470 Tacit.
1147 4419 1223 4472 Ann
1242 4433 1309 4475 xiv.
1333 4423 1379 4473 20.
1412 4412 1464 4476 Diu

320 4501 323 4507 ‘
401 4483 483 4546 ²Ad
505 4487 636 4548 sevitiam
664 4487 818 4566 tradebant.
859 4485 897 4556 Et
940 4485 1068 4547 'xxrinc
1082 4510 1111 4565 p.
1127 4499 1192 4558 107.
1449 4546 1453 4554 ,

362 4568 560 4626 existimabant
585 4567 711 4624 Drusum
732 4584 787 4622 non
805 4559 897 4622 cessu-
989 4565 1104 4627 4L'ncio
1120 4569 1233 4634 Cosmi.
1272 4574 1465 4655 Doquotnpss

339 4643 423 4720 frum
448 4642 541 4706 officio
564 4645 691 4706 dicendae
714 4644 808 4722 ptimo
829 4645 910 4729 loco
951 4648 1055 4708 Annul.
1070 4667 1093 4708 1.
1106 4655 1135 4708 3.
