3200 5509
264 210 322 269 AD
344 207 418 267 LlB.
439 205 477 266 V.
498 204 599 265 ANN.
620 202 655 266 C.
677 205 801 268 CORN.
821 209 969 269 TACITI.
1126 215 1183 270 51⁵
1209 278 1212 283 .

51 363 144 430 Urbis
163 359 284 424 nuttios
306 360 502 425 continebant
526 355 664 440 Dimum
686 371 718 423 et
743 380 799 444 per
821 361 1001 444 provincias,
1021 381 1077 444 per
1097 384 1184 427 exer·

49 476 127 540 citus
141 470 160 534 i
174 468 301 536 curiosis
311 482 342 535 et
355 469 461 534 otiosis
474 469 660 553 legebantur,
673 470 776 534 Tacit.
786 471 897 535 Annal.
911 491 986 535 xvr.
996 480 1049 535 22.
1073 472 1184 537 Publi·

49 604 155 649 eorum
183 580 335 647 Actorum
362 601 424 644 non
451 600 511 644 una
538 580 664 664 speeies,
693 582 745 644 sed
773 602 830 664 pro
858 602 958 644 rerum
983 582 1127 646 varietate
1153 596 1185 647 et

49 693 241 759 multitudine
254 689 425 776 multiplex.
470 688 507 753 ln
521 689 556 753 iis
571 690 651 753 enim
666 691 770 774 scripti
784 692 848 753 dies
863 691 985 768 natales,
1002 692 1130 756 Sueton.
1150 693 1183 757 in

43 794 154 869 'Tiben
166 823 198 866 v.
211 801 373 888 nuptiales,
385 799 526 868 Juvenal.
542 801 640 881 Satyr.
653 821 693 863 ιι.
709 801 760 864 36.
773 801 965 880 emortuales,
978 800 1053 880 Dio,
1066 823 1182 868 xnvu.

47 938 79 998 p.
94 921 168 979 830.
191 935 239 976 res
260 911 400 990 illustres,
420 910 530 974 arnum
552 908 709 986 miracula,
733 908 808 989 Dio,
835 930 921 973 nvn.
944 935 975 995 p.
995 912 1069 980 617.
1094 911 1183 976 casua

47 1023 212 1108 singulm
229 1034 260 1087 at
271 1020 407 1100 inauditi,
424 1019 508 1084 Ptin:
520 1039 601 1083 vtn.
615 1029 668 1085 40.
692 1018 845 1084 Praeterei
861 1021 942 1084 Acta
956 1034 1041 1084 erant
1054 1020 1183 1085 munici-

40 1134 144 1219 palia,
164 1130 368 1218 presidielie,
394 1129 531 1194 Brisson.
554 1133 592 1193 de
617 1129 711 1192 Verb.
740 1130 869 1212 signific.
897 1130 1054 1215 oppidana
1077 1131 1180 1211 etiem,

47 1244 175 1308 Sueten.
189 1243 221 1307 in
235 1241 322 1321 Ceio,
338 1261 420 1304 vttt.
463 1240 552 1304 Actis
568 1239 627 1303 illis
645 1238 841 1304 conficiendis
860 1242 983 1305 aderant
1005 1241 1123 1318 scribes,
1146 1252 1181 1304 ut

46 1366 133 1438 patet
145 1377 182 1418 ex
198 1353 311 1417 Pisano
327 1350 417 1414 Lucii
433 1349 562 1415 Caesaris
580 1363 791 1429 monumento,
807 1354 889 1436 quod
904 1351 1181 1415 emendatissimum

44 1464 139 1528 sedit
157 1454 207 1527 Cl.
223 1462 313 1527 Gori.
332 1459 475 1545 lnscript.
492 1460 596 1546 Amiq.
615 1459 688 1524 Vol.
706 1481 746 1524 11.
766 1484 797 1544 p.
819 1468 865 1524 10.
911 1461 1004 1545 Apud
1025 1463 1177 1538 eumdem,

44 1571 116 1637 Vol.
133 1591 156 1637 t.
173 1596 204 1658 p.
219 1581 293 1638 308.
315 1573 346 1636 in
368 1592 519 1635 marmore
533 1570 626 1636 veteri
647 1584 834 1634 memoratur
857 1570 915 1634 Cn.
932 1573 1055 1634 Sentius
1077 1586 1180 1654 patro·

42 1704 99 1746 nus
137 1680 417 1747 DECVRIAE
451 1679 691 1746 SCRIBAR.
725 1678 1074 1745 CEREARIOR.
1108 1680 1210 1762 ET,

43 1789 353 1857 LIBRARIOR.
376 1791 485 1869 idest,
513 1789 701 1869 Scribarum,
733 1788 955 1870 Cereeriorum,
984 1791 1036 1876 qui
1064 1804 1179 1854 ceratas

42 1899 169 1966 tabellas
182 1904 340 1981 curabant,
353 1911 384 1965 et
392 1897 602 1965 libeuriorum.
645 1900 698 1980 Iis,
710 1912 745 1964 ut
757 1900 884 1981 videtur,
896 1914 1043 1985 praeerant
1057 1900 1178 1981 Rome,

40 2023 210 2090 sentirem
232 2012 262 2074 in
278 2011 451 2096 provinciis,
468 2010 672 2095 magistratus.
1101 2054 1103 2057 -

85 2119 276 2208 Queudrique
290 2120 477 2185 Gemanici.
522 2122 648 2193 Quanto
665 2120 761 2204 magis
783 2121 822 2183 de
834 2120 895 2185 hoc
908 2117 1010 2184 Taciti
1032 2119 1113 2200 loco,
1136 2124 1176 2186 ab

39 2231 182 2296 omnibns
211 2231 447 2309 conclamatum,
476 2242 561 2295 tanto
590 2231 685 2314 magis
713 2241 859 2310 nostram,
889 2230 913 2294 si
941 2233 1002 2317 quit
1031 2230 1176 2312 valemus,

37 2341 216 2407 industriam
231 2342 261 2405 in
275 2341 327 2405 illo
349 2340 479 2426 experiri
500 2342 589 2404 decet
608 2364 643 2404 ae
660 2344 758 2427 juvat.
804 2341 884 2406 Haee
899 2343 971 2406 vero
986 2341 1079 2406 editio
1094 2342 1177 2426 pn'n·

37 2471 123 2537 ceps,
137 2451 362 2539 disserebatque
375 2452 513 2516 breviore
536 2452 691 2516 momentis
704 2475 820 2516 summu
841 2453 920 2516 verti
935 2475 1021 2538 poste
1036 2451 1175 2540 quandi-

36 2580 94 2648 μ
117 2562 311 2627 Gemanicie
334 2562 448 2627 litium
464 2562 655 2647 penitentie
675 2561 942 2627 senten-..timet
959 2563 1093 2647 populis,
1115 2567 1174 2628 tte.

35 2671 85 2737 Ita
100 2696 223 2759 quoque
242 2672 319 2737 ΜΒ.
342 2661 425 2736 ΡΙοί.
448 2676 500 2736 sed
522 2673 553 2736 in
569 2671 765 2737 Germanicis
784 2684 816 2736 et
833 2671 958 2737 Titium.
978 2673 1010 2737 G
1025 2687 1056 2738 et
1073 2664 1174 2738 Tuon

34 2781 219 2869 majusculae,
248 2795 280 2844 at
307 2803 484 2845 communes
509 2793 581 2845 aunt
608 2781 712 2846 litere.
758 2781 882 2844 Malum
921 2782 1030 2846 celavit
1059 2783 1172 2867 potitis,

34 2890 257 2977 quimaa'nvit
278 2890 453 2968 Rhenanus,
476 2891 546 2953 eum
569 2891 709 2966 correxit,
731 2889 871 2955 brevibus
886 2894 1042 2956 momentis
1057 2903 1174 2956 'summe

33 3002 114 3065 verti
122 3022 219 3087 posse,
232 2999 425 3085 dandumque
435 2998 632 3063 interstitium
639 3000 825 3084 penitmtie
838 3001 922 3063 serre.
968 2999 1070 3065 Simul
1073 3024 1174 3086 popu-

33 3109 92 3190 les,
111 3115 169 3176 tte.
214 3109 353 3174 Plurima
373 3109 465 3174 etism
486 3123 605 3194 peccet,
629 3120 695 3171 tum
717 3108 811 3194 quid,
833 3110 1028 3174 interstitium
1052 3134 1110 3175 vox
1133 3111 1172 3176 sit

35 3219 251 3299 Macrobianu,
281 3218 455 3285 corneliani
483 3219 539 3282 evi
568 3219 690 3283 auribus
716 3205 858 3298 insolens,
883 3220 915 3282 in
935 3239 1048 3284 novum
1072 3222 1171 3286 adsue

34 3354 157 3396 sensum
171 3333 306 3410 detorta;
329 3342 394 3394 tum
405 3330 489 3415 quod
504 3341 647 3402 mutetur,
660 3329 850 3416 querneique,
865 3330 1021 3395 omittatur
1037 3330 1169 3397 Germe·

34 3443 120 3523 reicis,
143 3442 250 3505 laonna
275 3438 407 3504 sileatur.
452 3439 527 3503 lnde
552 3442 623 3503 sani
644 3441 754 3525 optimi
774 3441 904 3505 editores
929 3436 1074 3525 Rycliius‚
1099 3442 1170 3509 Jac.

33 3544 210 3616 Gronovius
223 3553 254 3614 et
270 3550 424 3629 Ernest'us,
440 3551 510 3614 ctl'm
524 3551 589 3615 lieo
604 3554 734 3635 probare
748 3572 810 3614 non
824 3565 957 3636 possent,
972 3575 1029 3616 nec
1044 3553 1171 3616 meliora

33 3661 180 3737 viderent,
195 3661 327 3725 maluere
347 3660 485 3725 mutilam
500 3673 531 3725 et
552 3661 686 3724 hiulcam
707 3662 785 3726 Ms.
801 3662 884 3727 Flor.
906 3663 1020 3730 codicis
1041 3663 1172 3748 scriptu·

33 3780 97 3837 ram
120 3772 256 3836 retinere.
303 3768 448 3836 Tentavit
466 3785 565 3835 temen
589 3771 749 3851 Ernestns,
777 3776 828 3838 sed
853 3773 978 3839 omnino
1001 3773 1173 3854 infeliciter,

31 3881 224 3970 dandumque
243 3883 277 3947 in
301 3881 495 3948 Germanicis
511 3883 644 3968 spatium
662 3884 848 3969 penitentie
868 3886 955 3949 serris.
1004 3886 1089 3972 Quis
1103 3885 1189 3945 lerat'

32 4011 176 4078 unquam,
189 3996 224 4058 in
239 3992 459 4058 Gennenieiri
481 3993 515 4056 N
516 4016 552 4056 ec
563 3993 680 4057 felicior
691 3994 850 4073 Heinsius,
864 3994 1078 4117 dandumque
1090 3987 1194 4061 domui

33 4101 213 4169 Gemnenie‘
237 4105 432 4169 interstitium
453 4105 636 4190 penitentie
658 4104 767 4169 senilis.
812 4104 916 4170 Miror
935 4109 1030 4220 hQ
1056 4095 1217 4229 vineti&

33 4210 168 4294 (iterio,
183 4216 245 4302 qui,
260 4229 377 4281 mutato
391 4214 503 4298 senilis,
516 4216 594 4285 senis
607 4215 766 4283 retinebat:
802 4214 887 4285 ‘Post
899 4217 1134 4379 ἰηῆὶᾋῳχ
1140 4191 1237 4271 exuit·
