3200 5509
631 512 891 583 PRAEPATIO.
1249 516 1330 587 mit

196 718 275 815 tiis,
289 716 416 827 quim
434 716 567 799 verbis
586 714 889 799 abundantior:
919 720 1137 827 preceptis
1152 720 1329 830 politiore

195 862 292 951 artis
325 862 385 943 itn
413 858 611 970 locuples,
640 872 702 955 ut,
734 860 768 941 si
799 858 873 941 hos
906 859 1070 943 tanturn
1103 862 1328 949 Annalium

193 1004 319 1089 libros
335 1004 541 1101 edidisset,
573 998 813 1111 Principum
843 1002 1180 1113 privatommque
1198 1006 1329 1091 homi.

195 1174 311 1245 num,
342 1148 414 1257 qui
448 1146 503 1229 ad
526 1146 824 1255 rempublicam
853 1146 1070 1245 accedunt,
1099 1166 1331 1260 praeceptor

194 1290 424 1399 doctorque
460 1290 699 1371 haberetur:
746 1288 787 1371 in
826 1286 906 1371 hoc
942 1291 1146 1373 scribendi
1182 1322 1330 1405 genere

195 1432 354 1543 primus
382 1432 503 1515 simul
532 1444 574 1515 et
603 1456 799 1513 summus.
856 1429 972 1515 Inter
999 1431 1090 1517 brec
1116 1438 1329 1547 sapientie

195 1572 379 1671 consilia,
402 1588 445 1657 et
468 1571 695 1655 incredibili
714 1573 863 1653 mentis
882 1577 1127 1683 capacitate,
1145 1581 1331 1667 cautissi.

195 1740 286 1799 mas
304 1717 457 1801 Tiberii
486 1728 593 1799 artes
620 1716 851 1812 extricavit,
883 1714 1045 1799 Claudii
1072 1722 1332 1807 imbecillita-

197 1870 281 1943 tem
295 1858 534 1969 pudendam
552 1859 664 1957 fecit,
685 1856 863 1941 Neronis
879 1858 1069 1943 libidines
1091 1863 1331 1963 infamavit3

197 2002 296 2083 sane
315 2002 507 2085 adversus
539 2000 630 2085 Caii
659 2000 812 2083 furores
843 2000 963 2111 aequb
981 2004 1199 2089 animosus.
1256 2010 1329 2107 At,

197 2144 299 2229 utin
315 2144 517 2243 Historiis,
531 2147 646 2227 itaet
659 2145 703 2227 in
721 2143 967 2245 Annalibus,
985 2146 1118 2229 multa
1130 2152 1331 2238 absumsit

198 2314 325 2373 vorax
346 2302 575 2399 temporum
593 2288 790 2373 edacitas.

258 2578 324 2663 Ea
355 2578 452 2663 crim
481 2592 757 2691 componeret,
788 2580 965 2693 Augusti
993 2582 1175 2667 Annales
1204 2586 1331 2669 medi·
1384 2690 1387 2697 Ι

201 2732 311 2805 tatus
329 2733 392 2805 est
405 2722 440 2803 :¹
468 2722 728 2834 magnificum
761 2722 1017 2834 dignumque
1042 2724 1189 2809 Tacito
1212 2756 1333 2842 argu·

197 2878 409 2949 mentum:
439 2866 513 2977 qui
545 2860 781 2977 reipublicae
813 2866 950 2972 finem,
988 2881 1125 2950 ortum
1157 2871 1332 2977 imperii,

201 3036 334 3093 versos
357 3036 502 3107 mores,
529 3019 734 3091 tanarum
757 3036 891 3091 rerum
909 3038 1067 3107 causas,
1095 3012 1332 3121 Augustum

201 3155 251 3233 iis
281 3151 448 3261 quidem
473 3152 684 3235 movendis
703 3154 918 3265 imparem,
950 3153 1021 3235 sed
1045 3153 1169 3236 senrel
1200 3166 1333 3238 motas

198 3295 439 3379 sustinendo
472 3296 662 3389 habilem,
697 3296 957 3405 plurimaque
993 3308 1082 3378 arte
1118 3296 1332 3405 publicum

202 3438 408 3524 servitium
422 3440 620 3523 libertatis
634 3441 772 3551 specie
789 3440 1039 3536 molientem,
1057 3439 1331 3547 expressisset.

201 3782 208 3791 -
260 3727 362 3809 Post
378 3736 442 3809 tot
459 3728 630 3825 labores,
649 3724 859 3810 tradendis
880 3724 1099 3834 superioris
1117 3724 1195 3808 aevi
1214 3724 1333 3809 rebus

203 3871 422 3980 impensos,
448 3882 614 3954 aetatem
643 3896 761 3953 suam
777 3880 868 3953 erat
883 3868 1138 3977 repetiturus,
1160 3878 1210 3947 ut
1226 3894 1335 3951 nova

201 4023 249 4095 et
266 4014 482 4121 presentia
504 4013 612 4095 boun
632 4012 850 4097 retemitati
869 4022 1136 4106 consecraret,
1161 4036 1225 4108 ac,
1258 4036 1335 4121 pro

204 4152 310 4236 virili
343 4154 543 4263 portione,
580 4156 839 4265 sequentium
869 4153 1107 4263 Principum
1137 4152 1335 4235 aemulatu

206 4297 474 4381 continuaret.
532 4294 674 4381 Nerva
699 4297 810 4381 enim
836 4293 974 4379 Caesar
1000 4324 1063 4379 res
1087 4295 1184 4379 olim
1210 4294 1336 4384 disso-

571 4562 582 4593 ¹
604 4560 706 4639 Tacit,
720 4562 833 4631 Anna.
847 4582 905 4629 ιιι.
918 4569 972 4638 24,
