3200 5509
641 528 899 600 PRAEFATIO.
1280 568 1338 613 m

204 742 328 827 nione
357 733 654 830 commendari,
683 732 898 829 studiosos,
925 733 999 840 qui
1033 733 1087 818 ad
1117 736 1253 845 ipsum
1283 770 1336 825 ex

201 887 287 999 ejus
320 879 472 993 ingenii
504 877 777 961 admiratione
802 875 1130 976 conveniebant,⁸
1157 884 1335 967 consiliis

200 1038 246 1110 et
267 1024 484 1137 preceptis
502 1021 726 1105 emdiebat.
762 1019 873 1130 Ipse,
891 1019 1120 1106 studiomm
1138 1022 1334 1127 hortator,

200 1166 381 1253 Plinium
401 1166 577 1263 monuit,
605 1175 653 1246 ut
680 1162 904 1245 Historiam
929 1150 1156 1247 scriberet.²⁴
1205 1168 1333 1266 Quod

198 1310 297 1395 cirm
317 1310 384 1393 ille
412 1308 647 1403 declinaret,
675 1303 918 1387 difficultate
937 1306 1166 1408 deterritus,
1193 1312 1362 1399 aliisve-

199 1452 402 1537 distentns
433 1450 565 1543 curis3
592 1448 760 1531 Tacitus
795 1448 838 1531 id
857 1450 1034 1531 muneris
1070 1452 1114 1533 in
1151 1480 1195 1537 se
1226 1484 1335 1541 rece.

200 1599 276 1707 pit,
305 1624 358 1679 ne
388 1596 598 1679 excideret
627 1620 719 1677 rare
746 1606 979 1703 tempomm
1010 1594 1197 1696 felicitas,
1235 1604 1333 1709 qud,

199 1742 276 1822 snb
309 1742 467 1850 optimo
497 1737 703 1847 Principe,
732 1718 848 1819 bono
877 1736 1031 1845 cuique
1059 1742 1207 1823 sentire
1238 1770 1332 1854 quse

203 1884 337 1981 vellet,
382 1892 425 1965 et
464 1906 559 1990 quoe
593 1880 771 1977 sentiret,
805 1880 943 1963 dicere
982 1880 1146 1967 liceret’
1195 1884 1335 1971 Nemo

199 2038 341 2109 autem
372 2026 425 2109 ad
458 2024 716 2107 scribendam
749 2024 971 2108 Historiam
1001 2032 1151 2110 natura
1179 2040 1222 2111 et
1246 2042 1335 2115 arte

200 2196 400 2279 umquam
438 2170 619 2287 paratior
655 2170 840 2251 occessit.
897 2168 1005 2255 Aere
1040 2172 1151 2253 enim
1186 2170 1335 2262 Tacito

197 2313 330 2395 inerat
340 2312 557 2424 judicium,
577 2310 716 2393 vivida
734 2336 863 2407 mens,
882 2336 1035 2420 magna
1051 2336 1185 2395 rernm
1204 2315 1335 2399 homi.

198 2480 382 2564 numque
412 2456 584 2539 seientia
612 2466 656 2537 et
686 2455 952 2565 experientia,
981 2466 1144 2565 promta
1172 2467 1214 2540 et
1240 2485 1334 2569 pro·

195 2596 330 2680 ¹funda
360 2597 571 2708 cogitandi
605 2624 655 2680 ec
687 2597 892 2683 scribendi
926 2597 1010 2680 vis:
1056 2599 1255 2708 qnodque
1284 2568 1352 2683 iis'

201 2743 454 2851 temporibus
482 2743 744 2840 rarissimum,
790 2743 951 2824 animus
984 2767 1124 2851 neque
1152 2742 1334 2827 libertati

199 2881 393 2984 infensus,
421 2910 557 2996 neque
575 2887 767 2970 adversm
785 2886 1042 2989 dominantes
1060 2897 1298 2969 contumax.

254 3172 440 3256 Primum
473 3172 675 3257 scribendi
704 3174 1154 3284 argumentumsumsit
1173 3185 1332 3285 tempo·

87 3385 91 3393 .
199 3344 289 3400 mm
322 3342 486 3397 suorum
515 3314 746 3415 Historias*
791 3315 948 3424 quast
982 3315 1160 3400 Neronis
1177 3316 1260 3401 fine
1276 3316 1332 3400 ad

201 3458 433 3542 Domitiani
453 3484 594 3542 necem
615 3459 810 3545 facillime
826 3472 869 3541 et
891 3460 1099 3543 uberrima
1116 3462 1221 3543 vend
1239 3485 1333 3571 pro·

198 3612 362 3684 secutus
400 3612 476 3699 est,
522 3605 622 3687 recti
662 3606 829 3713 verique
867 3604 1074 3713 pervicax,
1121 3604 1209 3685 sine
1248 3603 1333 3685 ulta

198 3743 433 3826 assentandi
446 3755 526 3826 eut
543 3746 786 3829 criminandi
805 3745 986 3828 libidine.
1042 3743 1142 3827 Pars
1163 3743 1331 3854 quidem

199 3887 332 3997 operis
351 3888 534 3971 maxima
551 3890 698 3999 periit:
727 3899 899 3973 manent
911 3901 1050 3973 tamen
1064 3888 1196 3986 initia,
1215 3888 1332 3997 queis

244 4266 254 4295 ¹
278 4243 360 4333 Plin'.
375 4266 478 4354 Epist.
493 4289 543 4333 ιν.
569 4275 618 4333 13.
833 4260 846 4297 ⁸
867 4265 969 4331 Tacit.
984 4262 1068 4329 Hier.
1084 4284 1109 4327 1.
1136 4273 1162 4328 1.

241 4344 257 4374 ²
278 4352 456 4419 SidoniusA
501 4353 624 4433 llinaris,
639 4352 740 4440 Epist.
833 4348 1062 4418 ‘TacitHist
1075 4370 1098 4415 1.
1118 4358 1144 4415 l.
1183 4348 1332 4419 Arrun.

202 4444 316 4505 ivae.
339 4438 421 4507 Plio.
469 4439 541 4528 pist.
557 4461 590 4506 v.
604 4446 634 4504 e.
795 4446 844 4501 rr.
1390 4477 1394 4485 ι
