3200 5509
654 551 917 621 PRAEFATIO.
1252 582 1258 590 ’
1275 556 1345 627 xxia

206 732 311 843 torte
340 758 515 867 collegit,
546 754 645 840 dum
664 752 884 838 literarium
911 754 1205 865 supellectilem
1224 786 1345 871 parav

207 901 295 999 bat,
314 899 377 983 vel
406 900 627 983 subsecivis
646 898 768 997 horis,
797 907 847 982 ut
864 898 992 981 tedia
1009 900 1146 985 otiare
1173 900 1339 989 falleret,

208 1042 394 1138 Periere;
422 1072 499 1127 nec
518 1070 713 1153 magnum
732 1054 796 1123 est
815 1070 953 1125 earum
972 1043 1232 1131 desiderium.
1287 1046 1340 1135 Id

205 1188 317 1271 enim
335 1188 554 1271 literaturae
574 1214 699 1297 genus
717 1186 820 1269 itad
844 1198 1030 1297 tempore
1046 1191 1222 1301 locoque
1240 1220 1340 1303 pen·

207 1328 292 1428 det,
326 1332 474 1413 utrix
504 1356 701 1441 umquem
730 1332 831 1412 alios
859 1332 1058 1431 homines,
1088 1336 1188 1417 alios
1204 1365 1339 1421 mores

206 1472 323 1556 ferat.
383 1473 581 1583 Dialogus
601 1474 654 1556 de
670 1470 912 1557 Oratoribus
930 1488 1058 1576 extat,
1078 1480 1150 1563 sed
1168 1508 1339 1569 mancus

207 1628 333 1727 atque
350 1618 613 1729 imperfectus
627 1626 744 1727 parte
759 1616 872 1700 haud
886 1620 1062 1730 exigua·
1081 1632 1136 1721 et,
1151 1624 1206 1706 ob
1221 1638 1342 1711 natu·

206 1786 295 1843 ram
331 1788 479 1859 rerum,
518 1788 612 1869 quae
649 1760 708 1841 ibi
745 1762 1042 1862 tractabantur,
1092 1768 1339 1875 gravissimi.

210 1902 497 2014 Disputationi
522 1906 572 1987 eb
599 1931 722 2015 super
743 1932 787 1987 re
806 1905 960 1989 habitae
983 1906 1166 2008 Tacitus,
1179 1912 1342 2021 juvenis

207 2046 463 2145 admodum,¹
480 2048 730 2145 interfuerat,
747 2048 844 2131 cum
865 2048 929 2132 M.
947 2050 1103 2160 Aprum
1121 2063 1165 2134 et
1182 2052 1211 2139 J
1213 2054 1340 2137 ulium

209 2188 446 2273 Secundum
480 2188 784 2273 adsectabotur:
818 2216 909 2273 eam
932 2192 1090 2304 posted,
1108 2197 1342 2304 requirente

207 2331 329 2419 Justo
361 2329 505 2431 Fabio,
543 2334 668 2415 literis
705 2332 932 2434 mandavit,
970 2338 1115 2419 iisdem
1148 2338 1341 2437 numeris,

210 2476 369 2573 iisdem,
413 2500 515 2583 quas
552 2476 749 2574 audierat,
789 2477 1041 2561 rationibus.³
1096 2480 1164 2563 Ibi
1202 2490 1343 2566 tamen
1449 2578 1455 2595 ,

208 2626 360 2735 passim
389 2650 507 2705 suum
538 2620 678 2730 prodit
705 2622 927 2731 ingenium,
957 2622 1141 2707 nondum
1174 2625 1342 2733 quidem

207 2769 278 2852 illa
308 2767 520 2865 brevitate,
555 2791 648 2874 quae
679 2766 723 2846 in
742 2764 974 2849 Annalibus
1005 2768 1171 2866 eminet,
1197 2770 1343 2853 subac-

208 2924 311 3011 tum,
330 2912 401 2994 sed
414 2913 503 3021 jam
521 2909 716 3007 validum,
736 2910 850 2995 etad
870 2912 973 2992 altos
992 2936 1130 2993 sensus
1150 2938 1340 3022 pronum.

210 3055 339 3167 Apud
370 3055 543 3165 picturae
574 3054 752 3143 curiosos
782 3056 916 3163 prima
941 3081 1194 3138 summorum
1221 3054 1342 3138 artili-

208 3224 302 3283 cum
320 3200 568 3281 lineamenta
586 3196 893 3309 diligentissime
908 3198 1201 3282 adservantur:
1229 3198 1341 3283 haud

207 3344 356 3426 minori
373 3342 504 3454 pretio
532 3341 646 3451 apud
666 3342 876 3424 literarum
895 3356 1094 3427 amatores
1112 3342 1238 3425 debet
1255 3369 1342 3424 esse

205 3488 286 3571 hoc
331 3486 542 3567 clarissimi
573 3485 726 3596 ingenii
763 3488 984 3595 specimen.
1058 3484 1171 3567 Nihil
1205 3512 1342 3569 moror

208 3629 411 3742 quosdam
430 3628 541 3711 hunc
555 3630 705 3712 libmm
720 3628 869 3715 Tacito
883 3630 1150 3737 abjudicante,
1165 3630 1339 3713 utillum

210 3772 496 3871 Quinctiliano
541 3771 680 3855 aliisve
716 3774 953 3857 tribuerent.
1020 3772 1213 3885 Pugnant
1244 3797 1345 3853 cons

200 3918 371 4028 jacturis
391 3916 584 3999 adversus
604 3944 730 4000 manu
750 3919 996 4029 scriptorum
1014 3916 1205 4000 codicum
1232 3915 1341 3998 vete·

251 4256 263 4284 ¹
284 4244 386 4343 Tacit,
396 4246 520 4333 Dialog.
529 4250 566 4313 de
576 4248 663 4314 Orat.
672 4272 743 4335 cap.
800 4250 925 4351 Videat
940 4246 1154 4336 Appendicem
1168 4246 1340 4317 Chrouolo-

252 4386 266 4454 ἱ
284 4418 385 4519 Tacit.
398 4420 552 4521 ibid3cap.
570 4432 597 4487 l.
620 4420 692 4487 Hae
706 4424 744 4487 de
800 4360 975 4493 g¹c³²t¹'liscit
988 4421 1075 4493 Did.
1082 4423 1122 4488 de
1130 4421 1219 4491 Orat.
1231 4444 1299 4514 cap.
1312 4432 1339 4489 1.

206 4526 240 4572 re
252 4506 345 4573 suardo
353 4508 506 4575 drotumm
514 4510 743 4575 notetemeud.
784 4568 785 4575 ,

208 4340 250 4401 85
