3200 5509
301 487 305 495 ’
330 514 393 577 m
629 524 750 583 none
772 526 823 584 nn
843 524 1171 594 nsrnunamoues

375 670 466 737 Cet.
480 675 532 738 26.
567 675 679 759 Suopte
713 675 836 765 ingenio
864 690 1049 763 peterentur.
1106 684 1246 750 Acidalio
1275 700 1307 751 et
1335 688 1450 759 Mnus

329 780 444 866 placet,
453 795 600 868 peterest.
645 784 823 869 Eleganten
847 790 959 853 atnihil
974 796 1161 874 mutandum,
1176 794 1260 861 libris
1273 798 1451 867 reclamand-

329 896 396 957 bus.
441 894 553 978 Suopte
567 896 698 981 ingenio,
713 897 813 978 idest,
828 900 882 962 sut
896 902 1012 965 munt.

372 1003 475 1069 Solon.
520 1004 595 1068 MS.
612 1004 695 1069 Hor.
711 1004 794 1071 Solo.

370 1244 459 1310 Cas.
482 1254 534 1317 27.
558 1245 644 1310 linis
659 1248 739 1333 eqni
752 1250 847 1336 juris.
892 1248 966 1313 Non
985 1249 1022 1313 de
1036 1264 1175 1317 extremo
1187 1266 1326 1341 tempore
1339 1258 1453 1342 capiam

324 1380 395 1421 cum
417 1356 554 1421 Freinsh.
577 1359 629 1421 sed
651 1361 689 1421 de
711 1358 902 1423 absolutione
929 1374 959 1423 et
982 1362 1167 1445 perfectione
1186 1366 1274 1449 juris.
1325 1368 1449 1431 Tabulis

324 1489 392 1535 xm.
413 1466 552 1553 perfectis
566 1466 739 1531 absolutum
754 1470 905 1553 quoddam
919 1470 998 1555 juris
1022 1471 1099 1556 requi
1114 1496 1225 1557 corpus
1238 1476 1348 1555 estitit,
1362 1500 1448 1563 qnam

320 1580 348 1644 ei
374 1578 493 1642 landem
516 1576 628 1641 Cicero
653 1589 683 1640 et
710 1576 761 1641 ulii
790 1578 943 1644 tribuunt:
965 1602 1062 1665 neqne
1083 1581 1110 1644 ei
1135 1584 1297 1669 quicquam
1327 1588 1449 1652 accessit

318 1688 503 1773 magnopere
523 1687 609 1750 novis
636 1685 762 1771 legibus.
808 1686 860 1750 Sic
876 1686 1018 1751 Ciceroni
1039 1688 1145 1754 Plane.
1169 1700 1222 1757 ⁶25.
1268 1695 1448 1761 Consulatus

316 1798 426 1862 dicitnr
438 1796 518 1881 finis
539 1798 684 1860 donorum
700 1795 820 1882 populi,
835 1798 1003 1883 eodemque
1024 1802 1118 1863 modo
1139 1802 1266 1867 Tuscul.
1281 1814 1314 1869 2.
1334 1816 1360 1868 l.
1371 1808 1447 1892 finis

315 1906 459 1993 sperandi
485 1920 531 1971 est
555 1928 717 1985 summum,
746 1907 828 1992 qnod
848 1906 914 1992 quis
939 1930 1058 1993 sperare
1084 1922 1195 1994 potest.
1239 1914 1386 1978 Ceterdm
1401 1940 1446 1995 ea,

314 2042 384 2105 qnae
398 2030 573 2103 sequnntur,
594 2038 630 2078 ex
653 2016 784 2080 historiis
799 2015 957 2097 illustrare,
972 2016 1042 2113 nilsil
1058 2019 1183 2084 attinere
1197 2024 1311 2105 pntevi,
1325 2026 1396 2088 cnm
1408 2036 1443 2089 tx

314 2128 454 2192 omnibns
469 2126 598 2190 historiae
614 2124 654 2189 R.
669 2126 866 2210 compendiis,
878 2126 982 2205 Floro,
997 2126 1127 2209 Velleio,
1139 2144 1197 2193 etc.
1212 2154 1396 2215 cognoscere
1408 2136 1444 2199 de
1555 2204 1556 2211 ,

311 2235 348 2301 iis
361 2236 460 2301 liceat.
478 2256 573 2301 unu.

357 2346 463 2412 Otium
478 2350 540 2433 dtu
553 2348 607 2410 rei.
635 2340 699 2409 'Ita
715 2344 790 2409 MS.
813 2340 897 2410 Flos.
912 2346 1055 2411 editiones
1075 2362 1192 2413 veteres
1210 2360 1240 2413 et
1255 2353 1442 2418 recentiores.

310 2451 349 2521 ln
370 2456 553 2521 intermediis
577 2459 767 2519 emendatum
799 2454 862 2519 sine
884 2458 1068 2537 necessitate,
1094 2460 1122 2522 ei
1147 2458 1200 2522 rei.
1252 2446 1366 2524 Sensus
1386 2478 1442 2539 est,

308 2566 410 2652 legum
434 2568 622 2631 ferendarum
647 2564 739 2629 finem
761 2562 852 2629 fecit:
883 2577 914 2628 at
935 2566 1030 2630 otium
1050 2566 1124 2631 illud
1150 2568 1230 2631 hand
1259 2568 1289 2631 in
1315 2568 1443 2655 longum
1554 2576 1556 2607 ³

306 2678 432 2763 paravit.

348 2906 437 2973 Cae.
460 2914 513 2972 28.
556 2903 712 2994 Deditq.·-:e
726 2910 820 2995 jura,
842 2910 926 2995 queis
943 2931 1024 2995 pace
1048 2918 1078 2972 et
1099 2906 1250 2996 Principe
1275 2922 1434 2975 metemur.

305 3016 437 3105 Opinor,
465 3021 548 3105 queis
577 3041 684 3103 pacem
711 3040 741 3082 se
769 3013 920 3105 Principe
947 3022 1108 3083 tueremur.
1153 3019 1311 3098 Heinsius,
1341 3020 1432 3085 Misc.

304 3130 382 3193 Obs.
396 3151 448 3193 rx.
463 3138 536 3203 390.

345 3239 479 3303 Acrioru
500 3262 536 3303 es
555 3262 589 3303 eo
610 3238 723 3303 cincla.
767 3237 903 3303 Pichene
924 3253 955 3302 et
980 3236 1104 3322 Lipsius
1129 3238 1264 3317 mallent,
1289 3242 1430 3306 arctiore.

301 3346 449 3420 Nonnihil
462 3346 616 3431 elegantius
631 3349 660 3412 in
672 3372 756 3430 soce,
770 3347 902 3427 acriora,
918 3371 1079 3433 quam-non
1094 3350 1283 3413 mutaverim.

343 3458 446 3523 Iuditi
472 3459 613 3537 custodes,
641 3472 670 3523 et
694 3460 765 3547 Iege.
812 3458 962 3523 Emendat
989 3456 1142 3539 Muretus,
1179 3456 1316 3523 custodes
1347 3458 1425 3548 Ieg'e:

299 3582 398 3645 cetera
412 3568 533 3633 omittit.
575 3560 689 3633 Tentat
711 3569 867 3647 Heinsius,
892 3568 1029 3633 arctiora
1053 3590 1088 3631 es
1111 3590 1144 3632 eo
1162 3568 1286 3633 vincula
1302 3570 1425 3649 indias

294 3678 429 3749 custodes
442 3677 516 3767 lege.
560 3676 597 3742 In
609 3679 655 3743 his
671 3677 929 3743 emendationibus
941 3676 1023 3741 nulls
1037 3676 1159 3757 utilitas,
1173 3676 1256 3742 nulla
1270 3692 1423 3744 auctomna

292 3784 369 3869 leus.
414 3782 543 3875 Egregia
557 3803 626 3853 sunt
639 3789 768 3873 vulgata.

337 3900 423 3988 Lege
438 3897 544 3986 Papid
561 3898 698 3985 Poppaed
720 3896 853 3984 premiis
877 3898 1004 3964 inducti.
1050 3896 1127 3963 Post
1152 3910 1271 3963 sextum
1296 3900 1422 3985 Augusti

291 4010 482 4085 consulatum
512 4010 628 4074 acriora
653 4011 774 4074 luerunt
798 4008 927 4088 vincula,
953 4032 987 4073 ac
1017 4006 1147 4073 maxime
1177 4006 1268 4073 A.U.
1283 4006 1323 4073 C.
1353 4012 1419 4081 tos.

291 4140 353 4206 quo
366 4116 428 4183 lata
442 4131 488 4182 est
497 4117 545 4182 lex
561 4118 659 4203 Papia
672 4118 820 4203 Poppaea.
862 4117 952 4183 Tunc
967 4118 1047 4181 enim
1061 4116 1145 4181 inditi
1161 4120 1314 4195 custodes,
1329 4119 1420 4205 iisque

289 4227 451 4297 constituta
463 4228 596 4313 praemia,
606 4242 640 4291 ut
653 4227 813 4292 coelibibus
828 4226 987 4313 diligenter
1006 4225 1201 4309 invigilarent,
1222 4250 1257 4290 ac
1274 4228 1299 4291 si
1314 4229 1381 4311 quis
1398 4227 1414 4290 d

286 4336 448 4429 privilegiis
461 4352 619 4421 parentum
633 4349 773 4415 cessaret,
787 4336 887 4401 stetim
902 4336 1047 4421 populus,
1062 4335 1143 4399 velut
1153 4334 1288 4400 omnium
1303 4358 1413 4423 parens,

285 4458 402 4517 teneret
414 4448 504 4524 bona,
516 4470 577 4512 non
586 4447 706 4533 quidem
722 4448 833 4525 omnia,
848 4448 900 4511 sed
915 4446 1050 4510 vacantia
1068 4446 1202 4525 tantum,
1225 4446 1255 4510 id
1270 4460 1324 4526 est,
1340 4450 1412 4510 bons

285 4568 464 4633 testamento
478 4556 591 4637 relicta,
612 4581 679 4650 qun
703 4556 817 4625 celebs
841 4556 922 4625 edire
943 4578 1004 4624 non
1027 4568 1157 4652 poterat,
1176 4555 1232 4625 uisi
1245 4555 1409 4623 tetradem
