3200 5509
181 518 318 597 sues.
455 516 678 583 summum
700 518 1021 607 Lissn‘res'nus
1243 532 1301 588 201

180 680 207 727 *θ
223 669 373 769 propria,
389 670 496 769 queis,
511 670 662 767 lapidum
677 670 804 759 causti,¹
833 671 986 767 pecunie
1000 687 1125 751 nostru
1140 674 1184 753 ad
1195 692 1306 755 exter-

182 792 208 831 “
224 810 299 875 nm,
314 800 373 858 aut
389 784 525 857 hostiles
540 802 658 885 gentes
669 780 919 858 mmsferuntur
928 784 968 857 ?”

229 1026 290 1087 54.
315 1020 340 1057 “
356 1012 439 1085 Nnc
457 1010 579 1109 ignoro
591 1011 626 1083 in
642 1008 801 1084 conviviis
817 1026 851 1082 et
866 1010 1001 1084 circulis
1014 1012 1159 1087 incusmi
1173 1015 1247 1104 ista,
1270 1030 1305 1089 et

181 1135 208 1173 ‘⁸
223 1128 366 1201 modum
381 1126 495 1221 posci:
522 1126 581 1197 sed
598 1124 625 1196 si
641 1124 716 1221 quis
732 1125 845 1221 legem
865 1124 1003 1213 sanciat,
1026 1128 1303 1220 poemsiudicat:

180 1248 207 1287 “
223 1240 326 1311 iidem
340 1238 403 1325 illi,
425 1237 593 1311 civitatem
605 1238 703 1326 verti,
727 1236 997 1334 splendidissimo
1016 1239 1139 1335 cuique
1164 1240 1307 1317 exitium

177 1360 204 1397 ‘⁶
220 1350 344 1448 pusii,
365 1352 536 1425 nerninem
552 1350 699 1425 criminis
714 1368 904 1447 expertem,
920 1350 1148 1425 clamitabunt.
1183 1354 1306 1451 Atqui,

145 1504 153 1513 ·
178 1472 205 1513 ‘⁸
221 1488 266 1537 ne
287 1464 437 1561 corporis
463 1464 601 1560 quidem
625 1464 765 1535 morbos
783 1480 928 1551 veteres,
952 1480 986 1535 et
1006 1464 1065 1536 diu
1089 1482 1219 1555 auctos,
1242 1470 1307 1545 nisi

179 1586 207 1631 ⁸⁶
222 1604 285 1675 per
299 1579 385 1651 dura
399 1594 434 1649 et
449 1602 566 1672 aspera
580 1600 756 1649 coerceas:
783 1592 964 1671 corruptus
988 1575 1088 1649 simul
1113 1595 1147 1651 et
1159 1604 1307 1677 corrup-

179 1698 207 1737 “
225 1708 290 1779 tor,
319 1714 410 1789 aeger
431 1707 464 1762 et
487 1690 631 1789 flagrans
664 1688 809 1777 animus,
831 1689 923 1760 haud
945 1689 1125 1763 levioribus
1150 1696 1306 1767 remediis

180 1804 482 1902 “restinguendus
498 1820 560 1892 est,
586 1804 691 1901 quim
707 1802 899 1875 hbidinibus
920 1800 1072 1875 ardescit
1109 1805 1216 1877 Totis
1234 1830 1308 1880 rna·

179 1924 207 1965 ‘⁶
217 1915 349 2015 joribus
370 1932 513 2012 repertae
529 1917 634 2015 leges,
658 1932 709 1988 tot
725 1940 809 2013 quas
824 1915 921 1989 divus
936 1922 1115 2015 Augustus
1125 1919 1215 2008 tulit,
1237 1920 1306 1997 illae
1390 1988 1396 1994 .

178 2038 206 2077 ‘⁶
222 2030 404 2133 obliviose,
425 2030 480 2103 hae
508 2032 619 2128 (quod
635 2028 828 2127 flagitiosius
854 2030 922 2123 est)
956 2046 1130 2103 contemtu
1158 2031 1306 2123 abolitae,

179 2151 206 2191 “
221 2144 428 2239 securiorem
449 2145 572 2219 luxum
600 2143 733 2217 fecere:
758 2168 839 2217 nam
858 2144 886 2216 ε’
911 2143 1017 2216 velis²
1041 2144 1135 2240 quod
1151 2146 1316 2219 nondum.

177 2264 206 2309 ⁴⁴
222 2258 364 2329 vetitum
392 2274 463 2347 est3
477 2257 620 2347 timeas,
644 2282 688 2331 ne
712 2274 842 2333 vetere:
868 2273 901 2329 at
924 2256 952 2329 si
973 2255 1140 2352 prohibita
1166 2255 1305 2353 impunb

178 2378 206 2424 ⁴⁶
223 2368 479 2457 transcenderis,
500 2394 612 2467 neque
623 2387 733 2443 metus
749 2372 850 2460 ultra,
865 2394 977 2467 neque
992 2370 1105 2466 pudor
1119 2386 1180 2443 ost
1230 2373 1307 2443 Cur

178 2489 207 2530 “
223 2482 309 2579 ergb
325 2483 407 2553 olim
423 2482 628 2580 parcimonia
644 2484 816 2580 pollebat?
832 2484 910 2581 quia
922 2482 983 2555 sibi
999 2482 1141 2580 quisque
1153 2484 1307 2559 modera-

178 2600 205 2643 “
221 2594 342 2667 batur:
368 2595 446 2690 quia
474 2597 573 2669 unius
605 2598 697 2670 urbis
725 2598 814 2671 cives
838 2621 993 2670 eramus:
1030 2620 1075 2667 ne
1095 2594 1307 2677 inritamenta

179 2707 360 2805 “quidem
388 2708 520 2798 eadem,
560 2709 648 2782 intri
674 2710 801 2783 ltaliam
830 2708 1128 2782 dominantibus&
1157 2712 1307 2786 externis

179 2830 206 2876 ⁴‘
223 2820 380 2907 victoriis,
392 2820 521 2911 aliena3
547 2820 711 2911 civilibus,
728 2823 828 2895 etiam
844 2840 958 2896 nostra
974 2846 1174 2897 consumere
1190 2823 1305 2897 didici·

180 2942 207 2981 “
223 2958 309 3006 mus.
357 2934 571 3027 Quantulum
598 2936 686 3006 istud
715 2953 777 3023 est,
805 2936 849 3007 de
870 2960 941 3033 quo
962 2935 1076 3010 aediles
1100 2937 1302 3010 admonent!

180 3056 207 3091 ‘⁴
225 3047 354 3145 Quim,
370 3046 397 3117 si
414 3062 524 3118 cetera
544 3047 711 3143 respicias,
735 3050 770 3119 in
786 3048 851 3120 levi
863 3049 1076 3121 habendum!
1102 3053 1151 3120 At
1163 3050 1302 3125 hercule

180 3167 207 3208 ‘⁸
224 3184 325 3231 nemo
337 3156 454 3247 refert,
478 3158 574 3255 qubd
591 3158 683 3233 Italia
699 3177 848 3233 externae
860 3161 934 3258 opis
953 3160 1094 3260 indiget,
1120 3162 1215 3258 quod
1237 3163 1304 3235 sita

179 3280 207 3316 “
222 3272 338 3371 populi
352 3271 522 3347 Romani⁴
536 3298 598 3372 per
608 3273 735 3349 incerta
750 3274 851 3351 maris
862 3292 895 3349 et
904 3290 1139 3373 tempestatum
1155 3275 1303 3372 quotidie

179 3516 258 3577 niam
272 3518 383 3591 imitati,
396 3518 571 3597 perlucentes
585 3528 662 3597 togas
673 3522 714 3579 is·
812 3518 823 3553 ⁸
845 3520 980 3596 Lepidum
1000 3517 1092 3579 cuurd.
1133 3518 1302 3597 Margarita-

181 3599 317 3663 duebant,
331 3617 393 3673 quse
407 3599 590 3657 denudabant
601 3618 713 3677 corpus.
770 3618 843 3660 rum.
880 3600 954 3657 Vide
977 3616 1041 3676 quoe
1058 3598 1093 3655 de
1109 3598 1300 3658 Romanorum

181 3674 299 3753 Egregie
326 3676 444 3749 Plinius,
483 3696 530 3735 xi.
555 3684 602 3736 2³.
652 3680 714 3738 Nec
770 3679 842 3737 luxu
856 3678 981 3738 diximus
992 3679 1023 3736 in
1035 3688 1093 3737 not.
1103 3688 1130 3735 ct
1142 3679 1249 3740 emend.
1263 3678 1299 3738 ud

176 3755 280 3831 puduit
300 3756 349 3813 los
371 3763 459 3815 vertes
480 3776 614 3833 visurpore
634 3758 714 3815 etiam
770 3762 846 3817 Anu.
858 3776 909 3815 111.
922 3764 971 3817 52.

181 3834 268 3903 viros,
292 3836 429 3892 levitatem
446 3843 563 3911 propter
584 3838 713 3894 estivam.
808 3835 912 3897 ²Nom
929 3836 955 3894 si
973 3836 1051 3895 selis.
1091 3836 1168 3893 Nam
1189 3836 1300 3907 sivelis,

180 3914 219 3972 In
232 3922 337 3971 tuntum
356 3914 374 3971 d
389 3914 474 3972 loricd
484 3916 605 3991 gerendi
616 3916 714 3974 disces·
770 3934 834 3991 quae
847 3916 933 3975 nullis
951 3916 1047 3976 adhuc
1057 3914 1165 3990 legibus
1178 3926 1245 3975 sunt
1257 3936 1300 3972 ve-

179 4010 241 4054 τινε
252 4010 349 4062 mores,
359 3994 473 4050 utoneri
481 3994 518 4051 rit
528 3994 608 4051 etiam
621 3996 712 4053 uestis.
770 3996 832 4064 tite,
854 3996 951 4053 timeus
965 4014 1000 4053 ne
1019 3995 1127 4063 veteris,
1148 3994 1176 4052 id
1196 4006 1245 4061 est.
1264 4014 1300 4053 ne

181 4069 301 4147 Assyrii!
315 4080 403 4130 tamen
423 4072 545 4148 bombyce
557 4074 644 4131 adhuc
656 4075 712 4152 soe-
770 4092 811 4131 res
821 4074 877 4133 iltae
891 4085 1030 4134 verentur.
1069 4076 1109 4131 At
1122 4075 1145 4130 si
1158 4073 1301 4151 prohibita

179 4151 262 4207 mittis
287 4150 412 4209 cedimus.
466 4150 510 4207 De
534 4151 575 4208 his
600 4170 713 4228 quoque
769 4154 884 4229 impune
897 4152 1107 4222 numccnderis,
1116 4152 1212 4209 nullus
1226 4152 1300 4212 ultre

181 4228 358 4305 bombycinis
380 4228 489 4286 nebulis
514 4230 630 4303 Seneca,
657 4232 711 4309 Ep.
769 4244 868 4303 metus,
878 4231 975 4290 nullus
987 4246 1027 4289 est
1035 4230 1136 4309 pudor.

97 4332 103 4341 ·
182 4326 234 4366 nc.
262 4308 338 4375 Quid
350 4310 375 4367 si
390 4308 549 4385 contigisset
561 4309 604 4366 illi
620 4310 712 4368 cidere
810 4306 932 4369 'iniri
953 4311 1067 4371 Italiam
1093 4310 1300 4369 dorninnntilus.

181 4386 231 4445 los
255 4390 344 4445 nostri
370 4388 497 4463 terporis
519 4388 598 4458 telus,
617 4386 712 4464 quibus
771 4390 817 4447 Ne
836 4392 933 4451 eedem
954 4389 1068 4469 quidem
1086 4389 1174 4447 luxlls
1192 4406 1220 4447 et
1233 4389 1300 4447 deli-

180 4466 265 4526 vestu
286 4466 355 4524 nihil
369 4468 491 4525 celatura
511 4468 663 4543 coqficitur,
684 4466 712 4527 in
766 4468 876 4528 ciarum
889 4468 1146 4539 irntumentudum
1161 4468 1235 4525 inne
1247 4469 1299 4528 ltu·

181 4546 237 4623 qud
248 4566 301 4602 non
322 4546 382 4605 dico
395 4546 495 4603 nullum
515 4547 624 4622 copon·
637 4550 713 4608 auxi·
768 4548 834 4605 lium
847 4548 958 4605 tsntdm
968 4566 1064 4605 sumus
1072 4548 1222 4603 dominati.

181 4626 258 4697 lium,
271 4626 320 4686 ced
332 4626 432 4685 nullum
441 4627 542 4704 pudori
557 4629 622 4684 cst?
804 4626 900 4686 ‘Vita
910 4628 1004 4705 populi
1017 4626 1143 4687 sumant
1177 4626 1222 4683 sa
1237 4631 1308 4702 prod
