3200 5509
312 552 370 626 196
670 550 914 612 cconusnn
933 549 1068 611 mem
1211 556 1250 625 A,
1270 551 1446 624 uum,

311 716 338 751 “
355 708 423 780 fide
439 730 479 779 ac
497 706 621 778 virtute
636 704 776 803 legatos,
801 730 839 777 se
863 703 1009 777 consiliis
1026 698 1282 798 superfuisse*
1331 702 1442 776 Simul

311 844 439 908 causas,
465 845 527 893 cur
552 842 623 890 non
648 818 733 914 ipse,
757 841 829 889 non
851 819 988 890 Drusus
1011 814 1155 911 profecti
1181 817 1225 889 nd
1247 816 1284 887 id
1311 817 1442 889 bellum

311 932 436 1021 forent,
485 932 651 1031 adjunxit,
697 939 722 975 “
751 931 1017 1028 magnitudinem
1056 929 1212 1025 imperii'
1262 930 1442 1002 extollens.

311 1042 478 1141 “Neque
518 1047 681 1118 decorum
717 1043 941 1139 Principibus,
980 1043 1103 1115 sium
1142 1042 1290 1115 alterave
1329 1042 1445 1116 civitas

313 1166 339 1203 “
355 1162 482 1250 turbet,
494 1158 618 1231 omissa
634 1160 759 1249 Urbe‚²
777 1158 868 1229 unde
883 1157 919 1227 in
931 1156 1045 1227 omnia
1054 1156 1229 1253 regimen:
1255 1180 1349 1228 nunc
1364 1156 1446 1253 quia

313 1279 339 1314 “
355 1296 425 1343 non
442 1288 536 1361 metu
555 1274 712 1361 ducatur,
735 1271 877 1360 iturum,
902 1287 939 1342 ut
955 1270 1131 1366 praesentia
1148 1286 1326 1366 spectaret,
1350 1294 1446 1342 com·

315 1393 341 1427 ‘⁶
358 1388 604 1481 poneretque,'’
659 1386 853 1471 Decrevere
881 1400 992 1478 patres
1019 1400 1099 1455 vota
1125 1407 1190 1477 pro
1221 1382 1332 1454 reditu
1354 1385 1449 1479 ejus„

312 1498 651 1595 supplicationesque,
675 1515 709 1570 et
730 1498 793 1578 alia
818 1499 950 1585 decora,
1002 1497 1103 1569 Solus
1117 1496 1300 1587 Dolabella
1315 1498 1446 1568 Corne

315 1612 393 1699 lius,
415 1611 499 1682 dum
525 1612 650 1683 anteire
675 1628 805 1683 ceteros
830 1626 937 1707 parat,
966 1610 1146 1697 absurdam
1165 1609 1203 1680 in
1217 1610 1447 1689 adulationem

315 1748 527 1821 progressae,
563 1725 691 1797 censuit
724 1732 804 1797 “ut
831 1748 935 1797 ovans
960 1724 981 1797 d
1014 1721 1200 1819 Campanis
1231 1725 1370 1804 Urbm
1396 1722 1447 1793 in·

317 1843 343 1882 “
359 1838 513 1910 troiret.’'
551 1838 658 1935 Igitur
673 1856 797 1913 secutae
819 1839 962 1913 Caesaris
987 1837 1106 1925 literar,
1130 1837 1255 1932 quibus
1280 1844 1360 1908 “se
1375 1858 1447 1911 non

317 1958 343 1992 “
361 1967 429 2021 tam
454 1974 600 2023 vacuum
628 1950 761 2049 glorii’'
787 1951 1003 2048 praedicabat,
1026 1957 1052 1991 ‘⁴
1069 1967 1108 2020 ut
1122 1966 1199 2045 post
1224 1947 1447 2021 ferocissimas

318 2070 343 2106 ‘⁶
360 2081 477 2161 gentes
501 2066 716 2159 perdomitas,
741 2081 790 2136 tot
815 2081 968 2159 receptos
992 2064 1029 2133 in
1048 2061 1202 2159 juventi,
1226 2079 1284 2144 aut
1315 2078 1448 2159 spretos

318 2184 344 2219 “
361 2176 562 2273 triumphos,
583 2182 653 2276 jam
678 2178 789 2271 senior
819 2175 1094 2275 peregrinationis
1118 2177 1324 2249 suburbanae
1347 2176 1447 2266 inm

319 2298 345 2334 “
361 2286 540 2388 praemiuin
556 2292 721 2389 petereb'’

370 2530 429 2591 48.
456 2524 531 2595 Sus
563 2522 654 2595 idem
696 2540 843 2619 tempus,
877 2527 963 2591 “ut
1000 2542 1093 2591 mors
1129 2515 1269 2614 Sulpicii
1301 2514 1448 2612 Quirinii

322 2640 349 2697 ‘.‘
365 2634 508 2729 publicis
519 2636 689 2734 exequiis¹
707 2634 1014 2733 frequentaretur,”
1028 2632 1143 2729 petivit
1159 2630 1321 2705 isenatu.
1351 2628 1448 2703 Nihil

321 2745 366 2827 ad
391 2764 540 2821 veterem
572 2768 606 2822 et
633 2750 806 2847 patriciam
834 2748 1062 2845 Sulpiciorum
1087 2744 1247 2833 familiam
1272 2743 1449 2838 Quirinius

321 2858 508 2951 pertinuit‚⁴
546 2880 640 2937 ortus
666 2867 755 2961 apud
781 2864 1001 2959 municipium
1032 2859 1263 2950 Lanuviumr⁵
1300 2857 1361 2943 sed
1389 2856 1450 2926 im·

322 2970 420 3067 piger
460 2974 597 3065 mitiuae,
653 2996 688 3051 et
718 2980 850 3053 acribus
878 2974 1078 3065 ministeriis,
1121 2964 1353 3063 consulatum⁶
1386 2972 1449 3043 sub.

322 3084 402 3157 divo
418 3088 599 3185 August03
631 3118 713 3169 mox
735 3092 935 3192 expugnatis
953 3116 1015 3187 per
1039 3088 1193 3168 Ciliciam
1207 3084 1450 3158 Homonadm

323 3196 412 3274 sium
433 3204 597 3277 castellis⁷
621 3200 949 3305 msignia'triumphi
972 3207 1126 3300 adeptus,
1151 3201 1319 3295 datusque
1337 3214 1453 3269 rector

331 3401 386 3453 115
401 3406 429 3453 ct
444 3404 509 3458 118.
546 3402 588 3458 lbi
611 3404 718 3461 emam
739 3404 860 3479 ingentes
915 3405 974 3469 bst,
994 3418 1070 3457 nunc
1092 3397 1199 3453 dicitur
1212 3393 1305 3452 Ciuile
1319 3391 1448 3451 Lacinia.

328 3474 435 3550 lapides
461 3478 566 3539 laceros
588 3494 616 3538 ct
638 3484 784 3540 'semiustos
811 3475 859 3541 nd·
917 3476 980 3538 Nec
994 3476 1221 3536 confundendum
1242 3492 1310 3530 cum
1324 3471 1449 3539 Invitus,

326 3568 444 3623 tenuras.
608 3560 611 3569 ’
722 3554 725 3560 ’
915 3578 991 3617 nunc
1010 3556 1140 3628 Prnlicn·
1173 3553 1247 3608 Vide.
1273 3550 1449 3609 ltinersriutu

917 3636 1051 3695 Antonini
1077 3646 1106 3691 et
1126 3642 1205 3689 notas
1223 3629 1328 3688 eruditi
1347 3630 1450 3693 Wossof

372 3710 381 3737 ¹
396 3711 523 3774 Consiliis
530 3718 703 3795 superfuisse.
747 3720 815 3796 Fide
827 3736 861 3776 sc
917 3717 1007 3789 lingii',
1018 3735 1047 3791 p.
1062 3708 1130 3771 30'2.
1147 3706 1151 3713 ¹

330 3793 433 3862 uirtute
458 3795 570 3871 legatos,
603 3814 632 3854 se
658 3798 780 3856 consiliis
805 3816 862 3854 rem
954 3790 1167 3851 ‘Constdutlrm
1192 3787 1379 3847 Consulatum
1391 3802 1449 3860 ges·

331 3872 490 3933 confecisse.
916 3876 1037 3940 sitanno
1049 3872 1084 3929 U.
1097 3872 1208 3933 0742
1228 3870 1267 3930 A.
1279 3868 1314 3942 C.
1331 3871 1375 3920 11.
1415 3862 1448 3919 ln

372 3948 385 3975 ²
405 3950 512 4027 Omissa
532 3958 606 4031 arbe.
657 3956 731 4013 Vide
754 3962 813 4011 not.
836 3966 865 4011 et
918 3946 999 4010 fastis
1007 3941 1140 4015 Quirinus
1150 3944 1320 4026 appellatur.
1345 4021 1350 4031 ι

332 4032 440 4088 emend.
453 4030 488 4090 ad
501 4036 575 4092 nnn.
591 4052 640 4091 111.
650 4040 698 4099 47.
918 4068 923 4077 ·
956 4022 1373 4091 'Homonadensirmcostellrs
1388 4022 1447 4077 llo·

332 4169 335 4175 ,
373 4105 385 4138 ³
400 4102 522 4185 Publicis
533 4102 659 4191 exequiis,
675 4118 678 4125 '
695 4112 727 4168 ln
741 4111 864 4187 publicis
917 4112 1104 4174 monadonscs,
1118 4098 1234 4173 montes,
1244 4104 1294 4180 qui
1308 4100 1449 4158 suntinter

331 4189 460 4263 exequiis
480 4190 574 4249 luctus
589 4191 730 4268 publicus,
756 4192 865 4262 sumtus
918 4189 1060 4258 Ciliciam,
1097 4184 1231 4243 Pisidiam
1256 4184 1286 4239 'et
1310 4179 1450 4256 Pamphy·

333 4270 366 4327 fu
381 4269 396 4326 ὲ
411 4268 537 4343 publico.
563 4270 636 4328 Vide
649 4270 814 4332 Kirchmsn.
832 4270 866 4326 de
917 4268 994 4339 liam,
1008 4270 1036 4326 io
1056 4286 1090 4323 eo
1106 4275 1209 4333 tractu,
1233 4278 1318 4337 quem
1330 4258 1449 4316 dicimus

334 4348 423 4406 funos.
439 4348 520 4406 ltom.
537 4366 558 4405 1.
571 4354 608 4408 4,
654 4349 656 4358 ⁴
789 4347 791 4355 '
918 4346 1100 4413 Koromanis,
1118 4338 1293 4402 babitabant.
1342 4336 1446 4394 Eorum

373 4425 544 4490 Quirinius
558 4430 702 4509 pertinuit.
735 4430 779 4495 Do
794 4428 868 4498 Qui·
918 4428 1054 4503 oppidum
1069 4426 1210 4491 Homona,
1233 4438 1289 4476 non
1303 4416 1385 4499 valde
1395 4415 1448 4471 dis·

334 4506 406 4565 rinio
417 4508 477 4580 jam
492 4527 578 4583 supra
590 4528 653 4586 cap.
669 4506 716 4567 22.
917 4507 1004 4563 situm
1023 4508 1060 4561 ab
1087 4505 1156 4560 urbe
1172 4496 1335 4579 Ermermcl,
1367 4495 1450 4587 'lfltns

375 4583 582 4661 'Municipium
597 4587 758 4651 Lanuuium.
774 4586 869 4660 Lanit-
920 4604 950 4660 y.
974 4590 1022 4649 27.
1074 4580 1249 4638 contermina
1272 4577 1318 4633 itti
1340 4574 1447 4654 Ctlrcras

336 4663 413 4724 rium
428 4666 520 4726 Roma
535 4685 592 4725 xvi
607 4685 630 4725 u
643 4662 869 4744 passuumdislu·
917 4661 986 4743 gers
1013 4660 1213 4731 Homonudum,
1238 4670 1352 4734 proruta
1375 4651 1449 4711 intus
