3200 5509
341 562 400 619 AD
421 558 496 619 ΗΒ.
518 558 575 618 111.
594 558 696 619 ANN.
716 560 752 620 C.
772 558 1063 620 contumaclae
1222 564 1280 621 ton·

277 1292 337 1358 IN
359 1286 581 1361 VETERES
603 1291 889 1362 GALLORUM
908 1290 1136 1363 GLORJAS.

180 1708 365 1773 Aretissima
377 1721 442 1773 erat
456 1709 498 1773 A.
513 1708 554 1774 U.
568 1709 607 1773 C.
628 1718 698 1775 140.
712 1709 755 1773 Α.
769 1709 809 1775 C.
824 1712 898 1776 618.
913 1713 969 1775 sub
982 1708 1152 1795 Tarquinio
1168 1708 1281 1793 Princo¹

140 1819 285 1885 Romana
304 1842 361 1896 res,
385 1820 456 1883 culm
475 1820 721 1884 florentissimum
738 1821 805 1907 jam
827 1822 949 1905 vigebat
963 1819 1124 1886 Gallorum
1139 1842 1279 1903 regnum.

140 1930 273 2010 Summa
298 1930 420 2015 imperii
444 1942 509 1997 tum
533 1930 592 1995 fuit
620 1954 712 2015 pones
741 1930 905 2015 Bituriges,
935 1930 1047 2019 Ber-ry.
1113 1927 1141 1995 Ii
1175 1952 1282 2013 regern

138 2042 260 2117 dabant,
290 2040 344 2125 qui
367 2038 499 2119 Celtico,
523 2064 576 2105 seu
599 2042 683 2106 omui
705 2040 829 2119 Galliae,
855 2040 1062 2127 imperitaret3
1093 2064 1189 2127 eaque
1213 2051 1282 2105 erat

139 2151 222 2235 regni
241 2150 382 2230 felicitas,
406 2165 441 2215 ot
459 2151 490 2215 in
510 2152 590 2215 terra
608 2154 730 2235 frugum
747 2152 966 2238 hominumque
981 2150 1164 2217 fertilissima
1178 2154 1276 2217 abuu-

137 2263 210 2325 daus
230 2260 398 2325 multitudo
419 2259 469 2325 rix
491 2261 553 2345 regi
571 2285 661 2346 posse
674 2262 833 2327 videretur.
878 2262 1062 2345 Ambigatus
1081 2284 1145 2338 rex,
1168 2260 1276 2327 virtute

137 2372 324 2457 sommeque
342 2372 413 2435 tum
425 2371 482 2435 sul
496 2384 563 2436 tum
578 2372 704 2456 publica
718 2371 909 2457 prepollens,
924 2385 955 2437 et
975 2394 1085 2455 magno
1102 2374 1170 2457 jam
1193 2382 1283 2449 natu,

140 2502 306 2544 exonerare
332 2494 535 2565 praegravante
564 2484 654 2547 turbe
681 2504 808 2564 regnum
837 2481 944 2568 cupiit.
1011 2481 1206 2547 Bellovesum
1240 2504 1282 2547 an

141 2590 333 2675 Sigovesum,
353 2591 465 2655 rororis
477 2590 569 2670 filios,
587 2592 733 2675 impigros
749 2593 888 2676 juvenes,
909 2593 1037 2672 monuit,
1054 2606 1089 2657 ut
1102 2590 1281 2659 sortirentur

139 2724 232 2766 nouas
252 2713 358 2779 terras,
381 2724 457 2787 quas
477 2712 670 2785 querernt3
700 2700 897 2785 permisitque
920 2716 1064 2787 quantum
1086 2702 1145 2786 ipsi
1167 2700 1281 2771 vellent

140 2833 301 2875 numerum
315 2810 474 2874 hominum
488 2808 633 2887 excirent,
645 2832 685 2873 ne
698 2832 759 2895 qua
771 2832 845 2893 gens
858 2832 959 2875 arcere
970 2812 1157 2877 advenientes
1165 2824 1283 2896 posset.

142 2922 245 2987 &stes
259 2921 410 3005 Sigoveso
425 2918 714 3002 Hercyniossaltus,
730 2920 893 2985 Belloueso
908 2920 1039 3001 Italiam,
1053 2922 1254 3006 adsignavere.

181 3033 350 3097 Fortunam
364 3030 437 3094 clm
451 3029 495 3093 ita
507 3044 607 3094 essent
620 3029 728 3109 sortiti,
742 3028 931 3111 Bellovesus,
947 3032 1030 3117 quod
1043 3032 1086 3095 eis
1099 3055 1137 3095 ex
1153 3032 1282 3117 populis:
1318 3116 1321 3124 Ι

141 3144 326 3221 abundabat,
359 3141 524 3225 Bituriges,
557 3141 722 3220 Arvernos,
758 3142 904 3220 Senones,
939 3142 1070 3219 AEduos,
1098 3142 1280 3219 Ambarros,

141 3250 299 3333 Carnutes,
310 3252 462 3317 Aulercos
475 3250 593 3330 excivit,
608 3273 689 3315 nuuc
706 3248 820 3339 Bmy,
836 3252 1011 3338 Aooergue,
1022 3249 1070 3315 tlte
1086 3249 1284 3339 Dioccaeaof

143 3360 217 3426 Sem
242 3363 310 3427 ond
337 3362 489 3439 Aucerre,
519 3360 698 3449 Burgunda
724 3362 790 3425 and
818 3358 991 3437 Niocrnois,
1023 3359 1186 3425 Maroneia
1214 3360 1279 3427 oud

143 3468 514 3549 &neomeniam
524 3468 1277 3557 Orleonois,MoincandtlcDioceseofEcreuc.

143 3578 305 3649 Profectus
327 3582 498 3666 ingentibus
522 3582 660 3667 peditum
681 3582 879 3668 equitumque
905 3582 1011 3666 copiis,
1035 3582 1066 3646 in
1079 3582 1279 3663 Tricastinos,

142 3689 191 3755 tle
214 3690 358 3761 Diocesea
379 3690 422 3778 of
450 3690 582 3757 Valente
608 3692 673 3757 ond
700 3690 1165 3772 Sciat-PnuI-trois-clldteour,
1187 3694 1278 3757 veuit

144 3798 240 3886 Alpes
259 3801 413 3888 opposite
433 3815 528 3883 erant,
553 3800 637 3865 nulla
658 3804 731 3865 dum
749 3802 799 3865 vit
820 3802 889 3883 (nisi
902 3802 952 3866 cui
966 3804 1003 3865 de
1019 3801 1155 3868 Hercule
1168 3802 1288 3873 fabulis.

145 3912 264 3977 eredere
286 3912 375 3992 libet)
398 3925 554 3996 superate.
608 3909 705 3990 Galli,
726 3913 804 3975 duce
829 3911 1005 3989 Belloveso,
1026 3912 1163 3978 Taurino
1188 3912 1279 3993 saltu,

145 4032 246 4111 mount
273 4021 375 4097 Certis,
396 4046 448 4087 eas
470 4023 737 4102 transcenderunt3
759 4022 895 4108 fusisque
915 4021 1037 4101 Tuscis,
1061 4023 1111 4087 tle
1137 4022 1281 4102 Tuscum,

146 4132 196 4216 qui
214 4133 362 4219 quidquid
380 4145 427 4199 est
443 4132 544 4218 Alpes
556 4133 634 4197 inter
646 4144 678 4196 et
693 4131 825 4212 Padum,
847 4132 897 4197 tlte
912 4131 974 4212 Po,
988 4132 1178 4211 obtinebant,
1199 4134 1281 4199 haud
1300 4128 1308 4139 ’

146 4244 249 4324 procul
278 4242 390 4308 'Ilcino
418 4244 553 4321 flumine,
582 4242 632 4308 tlte
663 4242 780 4322 Terina,
810 4244 984 4308 consedere.
1028 4242 1147 4309 Audito
1175 4266 1281 4327 agrum

148 4347 319 4419 Insubrium
331 4352 489 4439 appellari,
515 4353 696 4438 cognomine
719 4353 897 4422 Insubribus
915 4376 997 4439 pago
1011 4348 1204 4441 Remorum,
1226 4355 1280 4436 ibi,

149 4482 237 4553 omen
260 4478 418 4553 sequentes
441 4465 514 4544 loci,
528 4464 834 4547 condidereorbem,
856 4476 888 4531 et
910 4464 1135 4549 Mediolanum,
1162 4464 1281 4555 Milan,

152 4574 350 4665 appellarunt.
394 4576 510 4659 Urius,
525 4598 557 4642 v.
572 4584 623 4645 84.
