3200 5509
383 504 443 564 no
462 503 536 563 us.
557 502 599 561 11.
617 502 718 563 suu.
738 500 774 559 c.
793 500 918 563 couu.
940 504 1087 565 ancus.
1246 516 1304 572 sn

164 665 269 745 posset
275 680 288 732 ,·
308 653 344 719 id
355 652 376 721 i
388 653 544 723 nonestis
555 654 720 743 culparem
742 652 836 743 legem
850 654 972 723 dissolui
986 655 1149 725 uidemini
1162 661 1306 728 mutatio·

171 789 212 833 ne
235 766 447 853 querentibus3
468 764 538 830 aliis
555 763 716 830 necessnrib
730 764 765 829 id
776 766 855 849 fieri
867 767 1044 845 dicentibus,
1066 768 1133 833 cnm
1146 767 1236 834 multi
1249 770 1305 837 boe

161 875 248 963 freti
262 886 367 941 rantra
383 875 480 962 ipsum
490 900 527 941 aa
536 878 732 962 magistratus
747 876 963 959 conspirarent.
987 876 1155 949 Quomodb
1163 880 1216 966 jus
1231 879 1305 945 iliud

170 982 401 1071 amplifieeserit
421 984 576 1065 Tiberius,
597 1007 653 1050 nec
678 1007 780 1049 servos
803 987 931 1063 unium,
953 987 1006 1051 sed
1029 986 1151 1067 liberos,
1173 1002 1204 1055 et
1225 991 1304 1058 cives

171 1096 330 1161 tormentis
344 1096 519 1173 subdiderit,
541 1097 631 1159 docet
646 1094 723 1174 Dio,
747 1114 833 1159 nvn.
849 1119 879 1180 p.
894 1096 967 1161 615.
1247 1078 1251 1083 Ι

217 1204 261 1269 Ρ.
280 1204 435 1275 Quirinio.
478 1204 555 1269 MS.
570 1204 653 1269 Flos.
668 1204 825 1269 Editiones
848 1217 972 1283 veteres,
996 1205 1128 1289 Ryckius
1150 1222 1180 1274 et
1201 1235 1303 1278 reeen-

172 1316 278 1393 tiores,
308 1314 450 1385 Quirino.
493 1314 569 1393 Alii,
595 1314 637 1378 P.
671 1313 827 1393 Quirinio,
854 1337 929 1402 quos
958 1338 1024 1379 suns
1052 1334 1182 1383 secutum
1226 1300 1303 1409 Ejus

172 1427 255 1491 enim
279 1424 393 1491 mentio
417 1446 497 1509 supe
523 1424 655 1490 occursu
668 1424 699 1487 in
712 1422 790 1488 libro
813 1424 948 1509 sequenti
961 1437 992 1487 et
1006 1448 1125 1511 semper
1142 1427 1303 1499 Quirinius

172 1533 361 1621 appeliatum
382 1535 424 1599 sic
439 1532 562 1599 etiami
577 1534 736 1614 Strabone,
757 1534 910 1617 Josepho,
932 1545 963 1598 et
977 1516 1080 1599 Dione
1104 1560 1185 1623 saepe
1205 1542 1303 1607 nomi·

172 1659 270 1713 mtur-

215 1842 701 1931 Cur.31.¹Strepebnntetiam.
745 1840 793 1907 Its
808 1841 885 1907 MS.
900 1842 983 1908 Flos.
999 1841 1177 1925 Beroaldus,
1194 1846 1303 1915 Piche-
1348 1864 1357 1878 ·

170 1978 211 2021 ns
233 1970 265 2021 et
286 1956 476 2021 recentiores.
517 1953 594 2032 Alii,
610 1953 845 2040 ’strepebantque
873 1954 975 2017 etiam.
1020 1954 1115 2027 Quod
1140 1956 1243 2023 inutile
1270 1971 1301 2025 et

169 2064 322 2149 frigidum.
367 2065 512 2131 Heinsius
537 2063 710 2150 strepebant
724 2066 796 2151 jam
813 2074 841 2127 et
854 2064 889 2127 in
913 2064 1069 2130 uestibulo.
1113 2066 1190 2131 Vide
1206 2066 1299 2133 Mise.
1414 2082 1420 2097 ·

245 2197 321 2239 .1x.
357 2177 409 2240 86.
1060 2214 1068 2227 ·

172 2174 400 2371 Obddpasiium
413 2281 523 2347 merod.
558 2282 733 2349 Groslotius
746 2283 860 2364 mullet,
881 2306 998 2351 merum
1040 2286 1086 2351 At
1100 2300 1201 2371 potest
1213 2287 1299 2354 intel·

170 2394 225 2482 ligi
238 2394 423 2480 prepositis,
437 2394 480 2457 in.

215 2595 304 2661 Cer.
318 2604 370 2662 32.
410 2592 452 2658 Ul
466 2594 557 2660 dona.
598 2594 640 2659 Ut
653 2594 785 2661 deletum
799 2594 920 2661 volebat
933 2574 1164 2663 Freinshemius.
1205 2596 1297 2667 certe

171 2710 275 2771 abesse
289 2718 409 2793 potest3
430 2702 503 2768 nihii
518 2719 618 2769 temen
631 2704 817 2769 mutaverim.
1160 2746 1163 2753 -

215 2814 256 2880 L.
274 2813 317 2879 P.
337 2825 367 2879 et
382 2812 495 2880 Gallus
511 2814 647 2880 Asinius.
692 2814 744 2878 Sie
759 2814 836 2879 MS.
852 2814 935 2880 Flos.
958 2830 989 2883 et
1007 2816 1151 2882 sueones
1174 2831 1297 2885 veteres.

170 2925 336 2993 Divinabst
359 2923 492 3011 Lipsius,
517 2923 557 2988 L.
580 2924 696 3004 Palus,
717 2924 763 2989 vel
784 2924 824 2989 L.
841 2923 974 2991 Publius
991 2937 1021 2990 et
1036 2924 1152 2993 'Gallus
1171 2928 1280 2995 Asinii
1287 2955 1299 3010 ,·

168 3034 402 3113 Freinshemius,
426 3032 467 3099 L.
484 3032 627 3113 Publius,
651 3032 692 3099 L.
709 3033 856 3112 Plancus,
881 3034 922 3101 L.
939 3034 1090 3112 Paullus:
1115 3038 1299 3119 Gronovius,

171 3144 214 3211 L.
232 3123 318 3211 Piso.
362 3144 468 3215 Edidit
480 3142 627 3227 Ryekius,
643 3142 683 3208 L.
700 3143 835 3209 Publius
844 3162 857 3210 .··
877 3142 924 3209 Ita
938 3170 1059 3233 quoque
1073 3146 1206 3212 scribunt
1220 3148 1299 3233 opti·

169 3254 214 3321 rui
226 3255 412 3339 interpretes.
434 3254 545 3319 Vetere
556 3253 710 3319 literarum
724 3252 904 3339 compendiis
918 3254 1044 3321 retinere
1058 3256 1148 3323 debui
1162 3270 1192 3323 et
1205 3256 1298 3323 volui.

213 3468 304 3536 Cer.
319 3480 370 3537 83.
415 3471 574 3537 Antistent
593 3481 623 3536 et
642 3470 714 3537 aliis
734 3494 799 3559 que
822 3472 864 3549 ad
887 3473 1027 3561 requiem.
1071 3470 1109 3536 In
1123 3470 1200 3536 MS.
1215 3470 1298 3537 Flor.

170 3580 315 3647 amntem
336 3579 465 3667 talisque
479 3580 523 3645 nd
535 3580 676 3667 requiem.
721 3578 888 3645 Beroaldus
905 3580 1007 3658 edidit,
1029 3582 1187 3659 amittent,
1210 3581 1300 3648 tales·

169 3712 237 3777 que.
281 3689 481 3777 Conjeetsbet
495 3690 629 3775 Lipsius,
651 3690 881 3779 dignationibus
894 3690 1051 3769 antistent,
1073 3690 1212 3777 aliisque,
1233 3714 1300 3777 qua

170 3799 216 3863 ad
237 3802 378 3887 requiem,
400 3799 447 3863 vel
469 3801 516 3868 ita
540 3801 622 3879 aliis,
644 3824 710 3887 qun
724 3801 767 3866 ad
784 3802 925 3887 requiem.
969 3799 1104 3885 Propius
1118 3800 1155 3863 sd
1168 3800 1298 3864 veterem

167 3910 350 3994 scripum
363 3910 489 3975 sesessit
502 3909 642 3989 Grotius,
662 3921 693 3974 et
706 3910 855 3997 aliisque
869 3910 912 3975 ad
924 3910 1064 3997 requiem.

215 4018 370 4109 Corffessio
384 4021 539 4087 vitiorum.
573 4019 703 4104 Egregie
717 4019 841 4085 dictum.
879 4020 1044 4104 Perperam
1058 4030 1152 4087 tentet
1167 4017 1302 4105 Lipsius,

169 4131 330 4195 consensio.
376 4129 537 4195 Confessio
548 4130 691 4196 vitiosum
704 4130 876 4195 nominibus
889 4129 1020 4195 honestis
1034 4129 1141 4211 veluus,
1153 4136 1186 4195 e't
1198 4128 1302 4195 simili·

169 4240 246 4305 urdo
259 4238 442 4307 audientium
458 4240 552 4305 Gallo
566 4241 684 4308 facilem
696 4244 854 4307 adsensum
868 4240 959 4306 deus

216 4454 306 4521 css.
319 4432 372 4524 ui.
395 4457 512 4525 Missus
524 4472 567 4528 est
576 4470 701 4551 pretor.
724 4460 882 4544 Heinsius,
898 4460 954 4530 An
967 4461 1054 4529 misso
1061 4404 1203 4550 matare.
1224 4458 1304 4528 Vide

171 4564 268 4635 Misc.
283 4567 363 4637 Obs.
379 4591 431 4638 sx.
445 4571 522 4642 386.
