<?xml version="1.0" encoding="UTF-8"?>
<!DOCTYPE html PUBLIC "-//W3C//DTD XHTML 1.0 Transitional//EN"
    "http://www.w3.org/TR/xhtml1/DTD/xhtml1-transitional.dtd">
<html xmlns="http://www.w3.org/1999/xhtml" xml:lang="en" lang="en">
 <head>
  <title>
</title>
<meta http-equiv="Content-Type" content="text/html;charset=utf-8" />
  <meta name='ocr-system' content='tesseract 3.04.00' />
  <meta name='ocr-capabilities' content='ocr_page ocr_carea ocr_par ocr_line ocrx_word'/>
</head>
<body>
  <div class='ocr_page' id='page_1' title='image "./opera00valpgoog_0203.png"; bbox 0 0 3200 5509; ppageno 0'>
   <div class='ocr_carea' id='block_1_1' title="bbox 198 557 1431 632">
    <p class='ocr_par' dir='ltr' id='par_1_1' title="bbox 198 557 1431 632">
     <span class='ocr_line' id='line_1_1' title="bbox 198 557 1431 632; baseline 0.004 -12"><span class='ocrx_word' id='word_1_1' title='bbox 198 595 200 604; x_wconf 52' lang='grc' dir='ltr'><strong><em>ι</em></strong></span> <span class='ocrx_word' id='word_1_2' title='bbox 313 557 370 621; x_wconf 84' lang='grc'><strong>136</strong></span> <span class='ocrx_word' id='word_1_3' title='bbox 670 563 704 621; x_wconf 91' lang='lat' dir='ltr'><strong>C.</strong></span> <span class='ocrx_word' id='word_1_4' title='bbox 717 561 913 622; x_wconf 85' lang='lat' dir='ltr'>CORNELII</span> <span class='ocrx_word' id='word_1_5' title='bbox 932 561 1068 622; x_wconf 81' lang='lat' dir='ltr'><strong>TACl&#39;I&#39;i</strong></span> <span class='ocrx_word' id='word_1_6' title='bbox 1212 566 1250 622; x_wconf 84' lang='grc' dir='ltr'><strong>Α.</strong></span> <span class='ocrx_word' id='word_1_7' title='bbox 1262 563 1301 623; x_wconf 91' lang='lat' dir='ltr'><strong>U.</strong></span> <span class='ocrx_word' id='word_1_8' title='bbox 1314 566 1350 624; x_wconf 87' lang='lat' dir='ltr'><strong>C.</strong></span> <span class='ocrx_word' id='word_1_9' title='bbox 1361 573 1431 632; x_wconf 72' lang='lat'><strong>772.</strong></span> 
     </span>
    </p>
   </div>
   <div class='ocr_carea' id='block_1_2' title="bbox 253 713 1434 1620">
    <p class='ocr_par' dir='ltr' id='par_1_2' title="bbox 253 713 1434 1620">
     <span class='ocr_line' id='line_1_2' title="bbox 309 713 1434 814; baseline 0.004 -28"><span class='ocrx_word' id='word_1_10' title='bbox 309 738 372 812; x_wconf 86' lang='lat' dir='ltr'><strong>per</strong></span> <span class='ocrx_word' id='word_1_11' title='bbox 387 713 615 814; x_wconf 88' lang='lat' dir='ltr'><strong>duodeviginti</strong></span> <span class='ocrx_word' id='word_1_12' title='bbox 639 738 766 804; x_wconf 81' lang='lat' dir='ltr'><strong>armos3</strong></span> <span class='ocrx_word' id='word_1_13' title='bbox 794 713 1049 812; x_wconf 81' lang='lat' dir='ltr'><strong>consenuitque,</strong></span> <span class='ocrx_word' id='word_1_14' title='bbox 1077 713 1229 788; x_wconf 79' lang='lat' dir='ltr'><strong>multdm</strong></span> <span class='ocrx_word' id='word_1_15' title='bbox 1256 716 1434 791; x_wconf 72' lang='lat' dir='ltr'><strong>immuniti</strong></span> 
     </span>
     <span class='ocr_line' id='line_1_3' title="bbox 309 828 1432 924; baseline 0.004 -22"><span class='ocrx_word' id='word_1_16' title='bbox 309 829 457 902; x_wconf 85' lang='lat' dir='ltr'><strong>claritate</strong></span> <span class='ocrx_word' id='word_1_17' title='bbox 482 831 527 901; x_wconf 91' lang='lat' dir='ltr'><strong>ob</strong></span> <span class='ocrx_word' id='word_1_18' title='bbox 551 828 689 902; x_wconf 86' lang='lat' dir='ltr'><strong>nimiam</strong></span> <span class='ocrx_word' id='word_1_19' title='bbox 717 828 851 900; x_wconf 85' lang='lat' dir='ltr'><strong>vivendi</strong></span> <span class='ocrx_word' id='word_1_20' title='bbox 876 828 1080 924; x_wconf 86' lang='lat' dir='ltr'><strong>cupidinem.</strong></span> <span class='ocrx_word' id='word_1_21' title='bbox 1128 830 1225 902; x_wconf 89' lang='lat' dir='ltr'><strong>Idem</strong></span> <span class='ocrx_word' id='word_1_22' title='bbox 1258 833 1432 906; x_wconf 75' lang='lat' dir='ltr'><strong>cuundae</strong></span> 
     </span>
     <span class='ocr_line' id='line_1_4' title="bbox 253 939 1432 1042; baseline 0.001 -27"><span class='ocrx_word' id='word_1_23' title='bbox 253 939 255 946; x_wconf 75' lang='grc'><strong>’</strong></span> <span class='ocrx_word' id='word_1_24' title='bbox 308 967 417 1030; x_wconf 89' lang='lat' dir='ltr'><strong>casus,</strong></span> <span class='ocrx_word' id='word_1_25' title='bbox 445 967 555 1042; x_wconf 89' lang='lat' dir='ltr'><strong>neque</strong></span> <span class='ocrx_word' id='word_1_26' title='bbox 582 944 673 1016; x_wconf 86' lang='lat' dir='ltr'><strong>aliud</strong></span> <span class='ocrx_word' id='word_1_27' title='bbox 700 941 917 1041; x_wconf 84' lang='lat' dir='ltr'><strong>perfugium:</strong></span> <span class='ocrx_word' id='word_1_28' title='bbox 953 945 1070 1038; x_wconf 86' lang='lat' dir='ltr'><strong>pulsus</strong></span> <span class='ocrx_word' id='word_1_29' title='bbox 1098 944 1190 1016; x_wconf 89' lang='lat' dir='ltr'><strong>haud</strong></span> <span class='ocrx_word' id='word_1_30' title='bbox 1218 946 1331 1016; x_wconf 85' lang='lat' dir='ltr'><strong>multo</strong></span> <span class='ocrx_word' id='word_1_31' title='bbox 1355 946 1432 1041; x_wconf 81' lang='lat' dir='ltr'><strong>pbst</strong></span> 
     </span>
     <span class='ocr_line' id='line_1_5' title="bbox 306 1051 1434 1156; baseline 0 -23"><span class='ocrx_word' id='word_1_32' title='bbox 306 1058 632 1133; x_wconf 80' lang='lat' dir='ltr'><strong>Hermundurorum</strong></span> <span class='ocrx_word' id='word_1_33' title='bbox 659 1051 809 1154; x_wconf 88' lang='lat' dir='ltr'><strong>opibus,¹</strong></span> <span class='ocrx_word' id='word_1_34' title='bbox 838 1073 873 1129; x_wconf 92' lang='lat' dir='ltr'><strong>et</strong></span> <span class='ocrx_word' id='word_1_35' title='bbox 900 1057 1024 1130; x_wconf 82' lang='lat' dir='ltr'><strong>Vibilio</strong></span> <span class='ocrx_word' id='word_1_36' title='bbox 1049 1059 1159 1148; x_wconf 88' lang='lat' dir='ltr'><strong>duce;</strong></span> <span class='ocrx_word' id='word_1_37' title='bbox 1195 1076 1434 1156; x_wconf 81' lang='lat' dir='ltr'><strong>receptusque,</strong></span> 
     </span>
     <span class='ocr_line' id='line_1_6' title="bbox 306 1167 1431 1261; baseline 0.004 -22"><span class='ocrx_word' id='word_1_38' title='bbox 306 1167 422 1241; x_wconf 83' lang='lat' dir='ltr'><strong>forum</strong></span> <span class='ocrx_word' id='word_1_39' title='bbox 453 1171 616 1259; x_wconf 89' lang='lat' dir='ltr'><strong>Julium,²</strong></span> <span class='ocrx_word' id='word_1_40' title='bbox 643 1173 875 1245; x_wconf 78' lang='lat' dir='ltr'><strong>Narbonensis</strong></span> <span class='ocrx_word' id='word_1_41' title='bbox 908 1172 1032 1246; x_wconf 78' lang='lat' dir='ltr'><strong>Galliae</strong></span> <span class='ocrx_word' id='word_1_42' title='bbox 1064 1173 1246 1261; x_wconf 85' lang='lat' dir='ltr'><strong>coloniam,</strong></span> <span class='ocrx_word' id='word_1_43' title='bbox 1278 1173 1431 1246; x_wconf 80' lang='lat' dir='ltr'><strong>mittitrn.</strong></span> 
     </span>
     <span class='ocr_line' id='line_1_7' title="bbox 305 1283 1431 1384; baseline 0.004 -28"><span class='ocrx_word' id='word_1_44' title='bbox 305 1283 447 1358; x_wconf 86' lang='lat' dir='ltr'><strong>Barbari</strong></span> <span class='ocrx_word' id='word_1_45' title='bbox 463 1303 647 1381; x_wconf 90' lang='lat' dir='ltr'><strong>utrumque</strong></span> <span class='ocrx_word' id='word_1_46' title='bbox 662 1288 844 1376; x_wconf 75' lang='lat' dir='ltr'><strong>comitati,³</strong></span> <span class='ocrx_word' id='word_1_47' title='bbox 859 1311 904 1359; x_wconf 93' lang='lat' dir='ltr'><strong>ne</strong></span> <span class='ocrx_word' id='word_1_48' title='bbox 932 1288 1060 1384; x_wconf 87' lang='lat' dir='ltr'><strong>quietas</strong></span> <span class='ocrx_word' id='word_1_49' title='bbox 1074 1287 1264 1383; x_wconf 87' lang='lat' dir='ltr'><strong>provincias</strong></span> <span class='ocrx_word' id='word_1_50' title='bbox 1287 1286 1431 1360; x_wconf 72' lang='lat' dir='ltr'><strong>bamini</strong></span> 
     </span>
     <span class='ocr_line' id='line_1_8' title="bbox 305 1399 1426 1487; baseline 0.002 -17"><span class='ocrx_word' id='word_1_51' title='bbox 305 1399 493 1487; x_wconf 86' lang='lat' dir='ltr'><strong>turbarent,</strong></span> <span class='ocrx_word' id='word_1_52' title='bbox 520 1401 718 1474; x_wconf 86' lang='lat' dir='ltr'><strong>Danubium</strong></span> <span class='ocrx_word' id='word_1_53' title='bbox 747 1405 836 1474; x_wconf 88' lang='lat' dir='ltr'><strong>ultra</strong></span> <span class='ocrx_word' id='word_1_54' title='bbox 859 1403 947 1474; x_wconf 88' lang='lat' dir='ltr'><strong>inter</strong></span> <span class='ocrx_word' id='word_1_55' title='bbox 971 1402 1110 1475; x_wconf 89' lang='lat' dir='ltr'><strong>flumina</strong></span> <span class='ocrx_word' id='word_1_56' title='bbox 1125 1405 1289 1473; x_wconf 79' lang='lat' dir='ltr'><strong>Marum⁴</strong></span> <span class='ocrx_word' id='word_1_57' title='bbox 1308 1418 1342 1473; x_wconf 92' lang='lat' dir='ltr'><strong>et</strong></span> <span class='ocrx_word' id='word_1_58' title='bbox 1355 1401 1426 1474; x_wconf 86' lang='lat' dir='ltr'><strong>Cu·</strong></span> 
     </span>
     <span class='ocr_line' id='line_1_9' title="bbox 303 1514 1286 1620; baseline 0.004 -36"><span class='ocrx_word' id='word_1_59' title='bbox 303 1518 403 1585; x_wconf 84' lang='lat' dir='ltr'><strong>sum⁵</strong></span> <span class='ocrx_word' id='word_1_60' title='bbox 420 1514 587 1620; x_wconf 81' lang='lat' dir='ltr'><strong>locantur,</strong></span> <span class='ocrx_word' id='word_1_61' title='bbox 603 1516 682 1589; x_wconf 92' lang='lat' dir='ltr'><strong>dato</strong></span> <span class='ocrx_word' id='word_1_62' title='bbox 697 1542 779 1614; x_wconf 88' lang='lat' dir='ltr'><strong>rege</strong></span> <span class='ocrx_word' id='word_1_63' title='bbox 795 1517 929 1589; x_wconf 87' lang='lat' dir='ltr'><strong>Vannio</strong></span> <span class='ocrx_word' id='word_1_64' title='bbox 944 1517 1053 1618; x_wconf 88' lang='lat' dir='ltr'><strong>gentis</strong></span> <span class='ocrx_word' id='word_1_65' title='bbox 1070 1516 1286 1610; x_wconf 81' lang='lat' dir='ltr'><strong>Quadorum</strong></span> 
     </span>
    </p>
   </div>
   <div class='ocr_carea' id='block_1_3' title="bbox 299 1738 1430 2752">
    <p class='ocr_par' dir='ltr' id='par_1_3' title="bbox 299 1738 1430 2752">
     <span class='ocr_line' id='line_1_10' title="bbox 352 1738 1428 1841; baseline -0.002 -27"><span class='ocrx_word' id='word_1_66' title='bbox 352 1749 412 1814; x_wconf 79' lang='lat'><strong>64.</strong></span> <span class='ocrx_word' id='word_1_67' title='bbox 436 1743 562 1814; x_wconf 82' lang='lat' dir='ltr'><strong>Sruur.</strong></span> <span class='ocrx_word' id='word_1_68' title='bbox 579 1744 731 1815; x_wconf 85' lang='lat' dir='ltr'><strong>nuntiato</strong></span> <span class='ocrx_word' id='word_1_69' title='bbox 747 1750 773 1786; x_wconf 84' lang='lat'>“</span> <span class='ocrx_word' id='word_1_70' title='bbox 789 1767 907 1841; x_wconf 88' lang='lat' dir='ltr'><strong>regem</strong></span> <span class='ocrx_word' id='word_1_71' title='bbox 922 1740 1101 1814; x_wconf 82' lang='lat' dir='ltr'><strong>Artaxiam</strong></span> <span class='ocrx_word' id='word_1_72' title='bbox 1116 1738 1288 1812; x_wconf 85' lang='lat' dir='ltr'><strong>Armeniis</strong></span> <span class='ocrx_word' id='word_1_73' title='bbox 1305 1740 1326 1812; x_wconf 71' lang='lat' dir='ltr'><strong>i</strong></span> <span class='ocrx_word' id='word_1_74' title='bbox 1342 1742 1428 1814; x_wconf 86' lang='lat' dir='ltr'><strong>Ger-</strong></span> 
     </span>
     <span class='ocr_line' id='line_1_11' title="bbox 303 1851 1427 1954; baseline 0.004 -29"><span class='ocrx_word' id='word_1_75' title='bbox 303 1855 478 1926; x_wconf 89' lang='lat' dir='ltr'><strong>“manico</strong></span> <span class='ocrx_word' id='word_1_76' title='bbox 495 1851 663 1943; x_wconf 64' lang='lat' dir='ltr'><strong>datum,⁶?’</strong></span> <span class='ocrx_word' id='word_1_77' title='bbox 680 1857 861 1928; x_wconf 89' lang='lat' dir='ltr'><strong>decrevere</strong></span> <span class='ocrx_word' id='word_1_78' title='bbox 875 1875 998 1954; x_wconf 89' lang='lat' dir='ltr'><strong>patres,</strong></span> <span class='ocrx_word' id='word_1_79' title='bbox 1026 1863 1051 1900; x_wconf 81' lang='lat'><strong>‘⁴</strong></span> <span class='ocrx_word' id='word_1_80' title='bbox 1067 1871 1106 1926; x_wconf 94' lang='lat' dir='ltr'><strong>ut</strong></span> <span class='ocrx_word' id='word_1_81' title='bbox 1132 1853 1360 1927; x_wconf 84' lang='lat' dir='ltr'><strong>Germanicus</strong></span> <span class='ocrx_word' id='word_1_82' title='bbox 1381 1870 1427 1930; x_wconf 86' lang='lat' dir='ltr'><strong>at·</strong></span> 
     </span>
     <span class='ocr_line' id='line_1_12' title="bbox 303 1967 1428 2062; baseline 0.002 -24"><span class='ocrx_word' id='word_1_83' title='bbox 303 1974 329 2012; x_wconf 77' lang='lat'><strong>‘⁶</strong></span> <span class='ocrx_word' id='word_1_84' title='bbox 343 1993 413 2062; x_wconf 86' lang='lat' dir='ltr'><strong>que</strong></span> <span class='ocrx_word' id='word_1_85' title='bbox 428 1969 563 2040; x_wconf 87' lang='lat' dir='ltr'><strong>Drusus</strong></span> <span class='ocrx_word' id='word_1_86' title='bbox 579 1987 716 2042; x_wconf 89' lang='lat' dir='ltr'><strong>ovantes</strong></span> <span class='ocrx_word' id='word_1_87' title='bbox 731 1972 852 2042; x_wconf 90' lang='lat' dir='ltr'><strong>urbem</strong></span> <span class='ocrx_word' id='word_1_88' title='bbox 867 1969 1053 2042; x_wconf 86' lang='lat' dir='ltr'><strong>introirent.</strong></span> <span class='ocrx_word' id='word_1_89' title='bbox 1104 1967 1231 2040; x_wconf 80' lang='lat' dir='ltr'><strong>structi</strong></span> <span class='ocrx_word' id='word_1_90' title='bbox 1246 1983 1281 2039; x_wconf 87' lang='lat' dir='ltr'><strong>et</strong></span> <span class='ocrx_word' id='word_1_91' title='bbox 1297 1973 1428 2040; x_wconf 85' lang='lat' dir='ltr'><strong>Arcus⁷</strong></span> 
     </span>
     <span class='ocr_line' id='line_1_13' title="bbox 302 2080 1430 2180; baseline 0.002 -28"><span class='ocrx_word' id='word_1_92' title='bbox 302 2080 435 2154; x_wconf 83' lang='lat' dir='ltr'><strong>circdm</strong></span> <span class='ocrx_word' id='word_1_93' title='bbox 447 2082 549 2154; x_wconf 86' lang='lat' dir='ltr'><strong>latera</strong></span> <span class='ocrx_word' id='word_1_94' title='bbox 563 2084 679 2180; x_wconf 87' lang='lat' dir='ltr'><strong>templi</strong></span> <span class='ocrx_word' id='word_1_95' title='bbox 695 2084 815 2156; x_wconf 87' lang='lat' dir='ltr'><strong>Martis</strong></span> <span class='ocrx_word' id='word_1_96' title='bbox 827 2081 976 2156; x_wconf 77' lang='lat' dir='ltr'><strong>Ultoris⁸</strong></span> <span class='ocrx_word' id='word_1_97' title='bbox 992 2106 1073 2156; x_wconf 91' lang='lat' dir='ltr'><strong>cum</strong></span> <span class='ocrx_word' id='word_1_98' title='bbox 1089 2081 1199 2178; x_wconf 89' lang='lat' dir='ltr'><strong>effigie</strong></span> <span class='ocrx_word' id='word_1_99' title='bbox 1215 2083 1430 2155; x_wconf 76' lang='lat' dir='ltr'><strong>Caesarumz’</strong></span> 
     </span>
     <span class='ocr_line' id='line_1_14' title="bbox 301 2195 1428 2298; baseline -0.001 -32"><span class='ocrx_word' id='word_1_100' title='bbox 301 2195 430 2267; x_wconf 81' lang='lat' dir='ltr'><strong>laetiore</strong></span> <span class='ocrx_word' id='word_1_101' title='bbox 446 2196 596 2284; x_wconf 87' lang='lat' dir='ltr'><strong>Tiberio,</strong></span> <span class='ocrx_word' id='word_1_102' title='bbox 613 2197 690 2293; x_wconf 86' lang='lat' dir='ltr'><strong>quia</strong></span> <span class='ocrx_word' id='word_1_103' title='bbox 710 2222 830 2293; x_wconf 89' lang='lat' dir='ltr'><strong>pacem</strong></span> <span class='ocrx_word' id='word_1_104' title='bbox 853 2195 1015 2298; x_wconf 80' lang='lat' dir='ltr'><strong>sapientiai</strong></span> <span class='ocrx_word' id='word_1_105' title='bbox 1036 2197 1241 2282; x_wconf 78' lang='lat' dir='ltr'><strong>firmverat,</strong></span> <span class='ocrx_word' id='word_1_106' title='bbox 1269 2195 1428 2290; x_wconf 71' lang='lat' dir='ltr'><strong>quimsi</strong></span> 
     </span>
     <span class='ocr_line' id='line_1_15' title="bbox 300 2293 1426 2414; baseline 0.002 -34"><span class='ocrx_word' id='word_1_107' title='bbox 300 2309 430 2381; x_wconf 89' lang='lat' dir='ltr'><strong>bellum</strong></span> <span class='ocrx_word' id='word_1_108' title='bbox 450 2335 511 2406; x_wconf 91' lang='lat' dir='ltr'><strong>per</strong></span> <span class='ocrx_word' id='word_1_109' title='bbox 526 2310 612 2383; x_wconf 76' lang='lat' dir='ltr'><strong>acies</strong></span> <span class='ocrx_word' id='word_1_110' title='bbox 628 2309 835 2383; x_wconf 76' lang='lat' dir='ltr'><strong>coniecisset.</strong></span> <span class='ocrx_word' id='word_1_111' title='bbox 885 2311 992 2414; x_wconf 84' lang='lat' dir='ltr'><strong>Igitur</strong></span> <span class='ocrx_word' id='word_1_112' title='bbox 1008 2293 1247 2404; x_wconf 85' lang='lat' dir='ltr'><strong>Rhescuporin</strong></span> <span class='ocrx_word' id='word_1_113' title='bbox 1274 2335 1426 2406; x_wconf 86' lang='lat' dir='ltr'><strong>quoque,</strong></span> 
     </span>
     <span class='ocr_line' id='line_1_16' title="bbox 300 2423 1427 2523; baseline 0.004 -31"><span class='ocrx_word' id='word_1_114' title='bbox 300 2423 456 2496; x_wconf 84' lang='lat' dir='ltr'><strong>Thraciae</strong></span> <span class='ocrx_word' id='word_1_115' title='bbox 473 2449 603 2522; x_wconf 89' lang='lat' dir='ltr'><strong>regem,</strong></span> <span class='ocrx_word' id='word_1_116' title='bbox 630 2443 703 2497; x_wconf 86' lang='lat' dir='ltr'><strong>astu</strong></span> <span class='ocrx_word' id='word_1_117' title='bbox 724 2425 930 2523; x_wconf 84' lang='lat' dir='ltr'><strong>adgreditur.</strong></span> <span class='ocrx_word' id='word_1_118' title='bbox 982 2427 1134 2497; x_wconf 87' lang='lat' dir='ltr'><strong>Omnem</strong></span> <span class='ocrx_word' id='word_1_119' title='bbox 1154 2432 1230 2494; x_wconf 80' lang='lat' dir='ltr'><strong>eam</strong></span> <span class='ocrx_word' id='word_1_120' title='bbox 1255 2423 1427 2496; x_wconf 86' lang='lat' dir='ltr'><strong>nationem</strong></span> 
     </span>
     <span class='ocr_line' id='line_1_17' title="bbox 303 2521 1425 2636; baseline 0.003 -30"><span class='ocrx_word' id='word_1_121' title='bbox 303 2535 555 2610; x_wconf 85' lang='lat' dir='ltr'><strong>Rhoemetalces</strong></span> <span class='ocrx_word' id='word_1_122' title='bbox 566 2543 591 2572; x_wconf 83' lang='lat'><strong>¹⁰</strong></span> <span class='ocrx_word' id='word_1_123' title='bbox 612 2555 786 2610; x_wconf 86' lang='lat' dir='ltr'><strong>tenuerat:</strong></span> <span class='ocrx_word' id='word_1_124' title='bbox 811 2564 882 2636; x_wconf 93' lang='lat' dir='ltr'><strong>quo</strong></span> <span class='ocrx_word' id='word_1_125' title='bbox 898 2537 1073 2627; x_wconf 84' lang='lat' dir='ltr'><strong>defuncto,</strong></span> <span class='ocrx_word' id='word_1_126' title='bbox 1095 2521 1274 2636; x_wconf 81' lang='lat' dir='ltr'><strong>Augustus</strong></span> <span class='ocrx_word' id='word_1_127' title='bbox 1294 2555 1425 2633; x_wconf 77' lang='lat' dir='ltr'><strong>partem</strong></span> 
     </span>
     <span class='ocr_line' id='line_1_18' title="bbox 299 2650 1423 2752; baseline 0.002 -31"><span class='ocrx_word' id='word_1_128' title='bbox 299 2650 475 2723; x_wconf 89' lang='lat' dir='ltr'><strong>Thracum</strong></span> <span class='ocrx_word' id='word_1_129' title='bbox 505 2652 753 2750; x_wconf 83' lang='lat' dir='ltr'><strong>Rhescuporidi</strong></span> <span class='ocrx_word' id='word_1_130' title='bbox 764 2656 786 2688; x_wconf 90' lang='lat'><strong>¹¹</strong></span> <span class='ocrx_word' id='word_1_131' title='bbox 819 2652 915 2726; x_wconf 79' lang='lat' dir='ltr'><strong>fratri</strong></span> <span class='ocrx_word' id='word_1_132' title='bbox 942 2658 1027 2752; x_wconf 82' lang='lat' dir='ltr'><strong>ejus,</strong></span> <span class='ocrx_word' id='word_1_133' title='bbox 1042 2669 1173 2749; x_wconf 80' lang='lat' dir='ltr'><strong>partem</strong></span> <span class='ocrx_word' id='word_1_134' title='bbox 1198 2651 1270 2724; x_wconf 86' lang='lat' dir='ltr'><strong>filio</strong></span> <span class='ocrx_word' id='word_1_135' title='bbox 1282 2652 1388 2749; x_wconf 80' lang='lat' dir='ltr'><strong>Cotyi</strong></span> <span class='ocrx_word' id='word_1_136' title='bbox 1400 2656 1423 2686; x_wconf 82' lang='lat'><strong>¹⁸</strong></span> 
     </span>
    </p>
   </div>
   <div class='ocr_carea' id='block_1_4' title="bbox 239 2797 1421 4857">
    <p class='ocr_par' dir='ltr' id='par_1_4' title="bbox 301 2797 1421 3186">
     <span class='ocr_line' id='line_1_19' title="bbox 342 2797 1421 2876; baseline 0.002 -21"><span class='ocrx_word' id='word_1_137' title='bbox 342 2797 352 2824; x_wconf 88' lang='lat'>¹</span> <span class='ocrx_word' id='word_1_138' title='bbox 368 2799 625 2858; x_wconf 82' lang='lat' dir='ltr'><strong>Hermundurorum</strong></span> <span class='ocrx_word' id='word_1_139' title='bbox 636 2799 740 2876; x_wconf 83' lang='lat' dir='ltr'><strong>opibus.</strong></span> <span class='ocrx_word' id='word_1_140' title='bbox 765 2802 835 2860; x_wconf 87' lang='lat' dir='ltr'><strong>Her·</strong></span> <span class='ocrx_word' id='word_1_141' title='bbox 926 2798 952 2830; x_wconf 81' lang='lat'><strong>&#39;⁰</strong></span> <span class='ocrx_word' id='word_1_142' title='bbox 964 2803 1167 2876; x_wconf 75' lang='lat' dir='ltr'><strong>Rinmetolcer.</strong></span> <span class='ocrx_word' id='word_1_143' title='bbox 1181 2800 1384 2857; x_wconf 81' lang='lat' dir='ltr'><strong>Rhnmetalces</strong></span> <span class='ocrx_word' id='word_1_144' title='bbox 1398 2803 1421 2857; x_wconf 89' lang='lat'><strong>1.</strong></span> 
     </span>
     <span class='ocr_line' id='line_1_20' title="bbox 301 2875 1419 2956; baseline 0.003 -21"><span class='ocrx_word' id='word_1_145' title='bbox 301 2879 436 2936; x_wconf 87' lang='lat' dir='ltr'><strong>munduri</strong></span> <span class='ocrx_word' id='word_1_146' title='bbox 448 2879 484 2934; x_wconf 88' lang='lat' dir='ltr'><strong>nd</strong></span> <span class='ocrx_word' id='word_1_147' title='bbox 503 2879 644 2936; x_wconf 75' lang='lat' dir='ltr'><strong>Bohemiar</strong></span> <span class='ocrx_word' id='word_1_148' title='bbox 660 2881 834 2939; x_wconf 87' lang='lat' dir='ltr'><strong>occidentem</strong></span> <span class='ocrx_word' id='word_1_149' title='bbox 885 2899 970 2956; x_wconf 87' lang='lat' dir='ltr'><strong>quem</strong></span> <span class='ocrx_word' id='word_1_150' title='bbox 992 2883 1059 2948; x_wconf 86' lang='lat' dir='ltr'><strong>Dio,</strong></span> <span class='ocrx_word' id='word_1_151' title='bbox 1081 2899 1131 2939; x_wconf 78' lang='lat' dir='ltr'><strong>nv.</strong></span> <span class='ocrx_word' id='word_1_152' title='bbox 1144 2899 1173 2955; x_wconf 88' lang='lat' dir='ltr'><strong>p.</strong></span> <span class='ocrx_word' id='word_1_153' title='bbox 1185 2875 1255 2947; x_wconf 70' lang='lat'><strong>569.</strong></span> <span class='ocrx_word' id='word_1_154' title='bbox 1277 2899 1419 2955; x_wconf 81' lang='lat' dir='ltr'><strong>perperam</strong></span> 
     </span>
     <span class='ocr_line' id='line_1_21' title="bbox 302 2958 1420 3038; baseline -0.001 -22"><span class='ocrx_word' id='word_1_155' title='bbox 302 2960 395 3034; x_wconf 86' lang='lat' dir='ltr'><strong>positi,</strong></span> <span class='ocrx_word' id='word_1_156' title='bbox 405 2967 473 3034; x_wconf 83' lang='lat' dir='ltr'><strong>part</strong></span> <span class='ocrx_word' id='word_1_157' title='bbox 487 2958 523 3038; x_wconf 84' lang='lat' dir='ltr'><strong>of</strong></span> <span class='ocrx_word' id='word_1_158' title='bbox 537 2959 660 3016; x_wconf 71' lang='lat' dir='ltr'><strong>Bovario</strong></span> <span class='ocrx_word' id='word_1_159' title='bbox 679 2963 735 3020; x_wconf 82' lang='lat' dir='ltr'><strong>und</strong></span> <span class='ocrx_word' id='word_1_160' title='bbox 747 2959 836 3018; x_wconf 80' lang='lat' dir='ltr'><strong>Fran·</strong></span> <span class='ocrx_word' id='word_1_161' title='bbox 885 2958 1199 3037; x_wconf 56' lang='lat' dir='ltr'><strong>appellationum</strong></span> <span class='ocrx_word' id='word_1_162' title='bbox 1242 2960 1276 3018; x_wconf 88' lang='lat' dir='ltr'><strong>In</strong></span> <span class='ocrx_word' id='word_1_163' title='bbox 1289 2978 1363 3017; x_wconf 79' lang='lat' dir='ltr'><strong>aereo</strong></span> <span class='ocrx_word' id='word_1_164' title='bbox 1374 2960 1420 3016; x_wconf 78' lang='lat' dir='ltr'><strong>Ci-</strong></span> 
     </span>
     <span class='ocr_line' id='line_1_22' title="bbox 302 3037 1418 3114; baseline 0.002 -20"><span class='ocrx_word' id='word_1_165' title='bbox 302 3037 390 3106; x_wconf 84' lang='lat' dir='ltr'><strong>cunin,</strong></span> <span class='ocrx_word' id='word_1_166' title='bbox 414 3037 546 3094; x_wconf 86' lang='lat' dir='ltr'><strong>Romanis</strong></span> <span class='ocrx_word' id='word_1_167' title='bbox 568 3039 623 3098; x_wconf 85' lang='lat' dir='ltr'><strong>fida</strong></span> <span class='ocrx_word' id='word_1_168' title='bbox 643 3056 717 3114; x_wconf 88' lang='lat' dir='ltr'><strong>gens.</strong></span> <span class='ocrx_word' id='word_1_169' title='bbox 758 3041 835 3097; x_wconf 84' lang='lat' dir='ltr'><strong>lnira</strong></span> <span class='ocrx_word' id='word_1_170' title='bbox 885 3037 961 3096; x_wconf 90' lang='lat' dir='ltr'><strong>melii</strong></span> <span class='ocrx_word' id='word_1_171' title='bbox 976 3041 1055 3114; x_wconf 83' lang='lat' dir='ltr'><strong>Regii</strong></span> <span class='ocrx_word' id='word_1_172' title='bbox 1068 3057 1192 3104; x_wconf 84' lang='lat' dir='ltr'><strong>nummo,</strong></span> <span class='ocrx_word' id='word_1_173' title='bbox 1202 3041 1418 3113; x_wconf 79' lang='lat' dir='ltr'><strong>eaputAugusti</strong></span> 
     </span>
     <span class='ocr_line' id='line_1_23' title="bbox 302 3117 1418 3186; baseline 0 -14"><span class='ocrx_word' id='word_1_174' title='bbox 302 3117 419 3174; x_wconf 81' lang='lat' dir='ltr'><strong>demur.</strong></span> <span class='ocrx_word' id='word_1_175' title='bbox 434 3117 530 3174; x_wconf 84' lang='lat' dir='ltr'><strong>Germ.</strong></span> <span class='ocrx_word' id='word_1_176' title='bbox 545 3135 611 3175; x_wconf 82' lang='lat' dir='ltr'><strong>xnr.</strong></span> <span class='ocrx_word' id='word_1_177' title='bbox 885 3119 992 3175; x_wconf 87' lang='lat' dir='ltr'><strong>nudum</strong></span> <span class='ocrx_word' id='word_1_178' title='bbox 1015 3125 1196 3174; x_wconf 68' lang='grc' dir='ltr'><strong>[ΑΙΣΛΡΟΣ</strong></span> <span class='ocrx_word' id='word_1_179' title='bbox 1223 3120 1418 3186; x_wconf 67' lang='lat' dir='ltr'><strong>mmor,</strong></span> 
     </span>
    </p>

    <p class='ocr_par' dir='ltr' id='par_1_5' title="bbox 339 3191 1418 3274">
     <span class='ocr_line' id='line_1_24' title="bbox 339 3191 1418 3274; baseline 0 -21"><span class='ocrx_word' id='word_1_180' title='bbox 339 3191 353 3220; x_wconf 78' lang='lat'><em>²</em></span> <span class='ocrx_word' id='word_1_181' title='bbox 366 3196 466 3254; x_wconf 74' lang='lat' dir='ltr'><strong>Porum</strong></span> <span class='ocrx_word' id='word_1_182' title='bbox 479 3197 594 3256; x_wconf 84' lang='lat' dir='ltr'><strong>Julium.</strong></span> <span class='ocrx_word' id='word_1_183' title='bbox 626 3198 712 3256; x_wconf 89' lang='lat' dir='ltr'><strong>Nunc</strong></span> <span class='ocrx_word' id='word_1_184' title='bbox 725 3198 834 3273; x_wconf 77' lang='lat' dir='ltr'><strong>Fre‘jut.</strong></span> <span class='ocrx_word' id='word_1_185' title='bbox 885 3195 1002 3270; x_wconf 73' lang='lat' dir='ltr'><strong>Coetaria</strong></span> <span class='ocrx_word' id='word_1_186' title='bbox 1034 3196 1167 3274; x_wconf 64' lang='lat' dir='ltr'><strong>Augusti.</strong></span> <span class='ocrx_word' id='word_1_187' title='bbox 1225 3195 1272 3252; x_wconf 80' lang='lat' dir='ltr'><strong>Ex</strong></span> <span class='ocrx_word' id='word_1_188' title='bbox 1303 3197 1418 3266; x_wconf 60' lang='lat' dir='ltr'><strong>adversi</strong></span> 
     </span>
    </p>

    <p class='ocr_par' dir='ltr' id='par_1_6' title="bbox 239 3271 1418 3667">
     <span class='ocr_line' id='line_1_25' title="bbox 340 3271 1417 3352; baseline -0.001 -20"><span class='ocrx_word' id='word_1_189' title='bbox 340 3271 521 3350; x_wconf 84' lang='lat' dir='ltr'><strong>³Utrurnque</strong></span> <span class='ocrx_word' id='word_1_190' title='bbox 534 3277 666 3334; x_wconf 78' lang='lat' dir='ltr'><strong>comitati.</strong></span> <span class='ocrx_word' id='word_1_191' title='bbox 701 3279 835 3335; x_wconf 88' lang='lat' dir='ltr'><strong>Marobo·</strong></span> <span class='ocrx_word' id='word_1_192' title='bbox 885 3275 1417 3352; x_wconf 75' lang='lat' dir='ltr'><strong>parteeapntlihoemetaleisdiadema-</strong></span> 
     </span>
     <span class='ocr_line' id='line_1_26' title="bbox 299 3354 1417 3413; baseline -0.003 -2"><span class='ocrx_word' id='word_1_193' title='bbox 299 3354 621 3413; x_wconf 81' lang='lat' dir='ltr'><strong>duumetCutualdam.</strong></span> <span class='ocrx_word' id='word_1_194' title='bbox 885 3366 946 3411; x_wconf 85' lang='lat' dir='ltr'><strong>rum</strong></span> <span class='ocrx_word' id='word_1_195' title='bbox 993 3358 1174 3411; x_wconf 67' lang='lat' dir='ltr'><strong>sarriana</strong></span> <span class='ocrx_word' id='word_1_196' title='bbox 1216 3362 1417 3409; x_wconf 72' lang='lat' dir='ltr'><strong>rourum.</strong></span> 
     </span>
     <span class='ocr_line' id='line_1_27' title="bbox 337 3431 1418 3508; baseline -0.005 -17"><span class='ocrx_word' id='word_1_197' title='bbox 337 3431 487 3492; x_wconf 83' lang='lat' dir='ltr'><strong>⁴Marum.</strong></span> <span class='ocrx_word' id='word_1_198' title='bbox 528 3435 614 3508; x_wconf 84' lang='lat' dir='ltr'><strong>Nunc</strong></span> <span class='ocrx_word' id='word_1_199' title='bbox 629 3433 770 3492; x_wconf 79' lang='lat' dir='ltr'><strong>Morouie.</strong></span> <span class='ocrx_word' id='word_1_200' title='bbox 799 3438 832 3492; x_wconf 90' lang='lat' dir='ltr'><strong>In</strong></span> <span class='ocrx_word' id='word_1_201' title='bbox 883 3435 1047 3508; x_wconf 63' lang='lat' dir='ltr'><strong>remegio</strong></span> <span class='ocrx_word' id='word_1_202' title='bbox 1058 3433 1256 3491; x_wconf 75' lang='lat' dir='ltr'><strong>Rtoemetatcu.</strong></span> <span class='ocrx_word' id='word_1_203' title='bbox 1278 3433 1418 3502; x_wconf 72' lang='lat' dir='ltr'><strong>Nummos</strong></span> 
     </span>
     <span class='ocr_line' id='line_1_28' title="bbox 300 3511 1418 3588; baseline -0.001 -18"><span class='ocrx_word' id='word_1_204' title='bbox 300 3514 467 3570; x_wconf 88' lang='lat' dir='ltr'><strong>Danubium</strong></span> <span class='ocrx_word' id='word_1_205' title='bbox 480 3513 572 3588; x_wconf 78' lang='lat' dir='ltr'><strong>influit</strong></span> <span class='ocrx_word' id='word_1_206' title='bbox 584 3513 660 3575; x_wconf 88' lang='lat' dir='ltr'><strong>haud</strong></span> <span class='ocrx_word' id='word_1_207' title='bbox 674 3514 773 3588; x_wconf 91' lang='lat' dir='ltr'><strong>procul</strong></span> <span class='ocrx_word' id='word_1_208' title='bbox 793 3517 830 3571; x_wconf 86' lang='lat' dir='ltr'><strong>ab</strong></span> <span class='ocrx_word' id='word_1_209' title='bbox 882 3512 952 3569; x_wconf 86' lang='lat' dir='ltr'><strong>alios</strong></span> <span class='ocrx_word' id='word_1_210' title='bbox 964 3514 1078 3574; x_wconf 73' lang='lat' dir='ltr'><strong>exhibet</strong></span> <span class='ocrx_word' id='word_1_211' title='bbox 1090 3511 1127 3567; x_wconf 96' lang='lat' dir='ltr'><strong>V.</strong></span> <span class='ocrx_word' id='word_1_212' title='bbox 1136 3511 1182 3568; x_wconf 89' lang='lat' dir='ltr'><strong>Cl.</strong></span> <span class='ocrx_word' id='word_1_213' title='bbox 1191 3513 1214 3568; x_wconf 76' lang='lat' dir='ltr'><em>C</em></span> <span class='ocrx_word' id='word_1_214' title='bbox 1217 3529 1277 3587; x_wconf 88' lang='lat' dir='ltr'><strong>ary,</strong></span> <span class='ocrx_word' id='word_1_215' title='bbox 1289 3511 1418 3580; x_wconf 70' lang='lat' dir='ltr'><strong>Histoire</strong></span> 
     </span>
     <span class='ocr_line' id='line_1_29' title="bbox 239 3587 1414 3667; baseline -0.003 -16"><span class='ocrx_word' id='word_1_216' title='bbox 239 3631 240 3634; x_wconf 58' lang='lat'><em>=</em></span> <span class='ocrx_word' id='word_1_217' title='bbox 299 3595 368 3651; x_wconf 87' lang='lat' dir='ltr'><strong>urbe</strong></span> <span class='ocrx_word' id='word_1_218' title='bbox 382 3591 527 3666; x_wconf 76' lang='lat' dir='ltr'><strong>Presdurg&#39;</strong></span> <span class='ocrx_word' id='word_1_219' title='bbox 537 3593 564 3647; x_wconf 88' lang='lat' dir='ltr'><strong>in</strong></span> <span class='ocrx_word' id='word_1_220' title='bbox 578 3587 732 3666; x_wconf 80' lang='lat' dir='ltr'><strong>ilungarid.</strong></span> <span class='ocrx_word' id='word_1_221' title='bbox 884 3593 930 3647; x_wconf 83' lang='lat' dir='ltr'><strong>des</strong></span> <span class='ocrx_word' id='word_1_222' title='bbox 943 3593 999 3650; x_wconf 86' lang='lat' dir='ltr'><strong>rois</strong></span> <span class='ocrx_word' id='word_1_223' title='bbox 1008 3593 1042 3648; x_wconf 85' lang='lat' dir='ltr'><strong>de</strong></span> <span class='ocrx_word' id='word_1_224' title='bbox 1052 3589 1168 3662; x_wconf 80' lang='lat' dir='ltr'><strong>Thrace,</strong></span> <span class='ocrx_word' id='word_1_225' title='bbox 1175 3591 1279 3646; x_wconf 67' lang='lat' dir='ltr'><strong>tabmr.</strong></span> <span class='ocrx_word' id='word_1_226' title='bbox 1291 3601 1320 3646; x_wconf 92' lang='lat' dir='ltr'><strong>et</strong></span> <span class='ocrx_word' id='word_1_227' title='bbox 1329 3611 1358 3667; x_wconf 85' lang='lat' dir='ltr'><strong>p.</strong></span> <span class='ocrx_word' id='word_1_228' title='bbox 1366 3587 1414 3654; x_wconf 83' lang='lat'><strong>67.</strong></span> 
     </span>
    </p>

    <p class='ocr_par' dir='ltr' id='par_1_7' title="bbox 296 3669 1414 3906">
     <span class='ocr_line' id='line_1_30' title="bbox 338 3669 1414 3748; baseline -0.002 -20"><span class='ocrx_word' id='word_1_229' title='bbox 338 3669 467 3729; x_wconf 66' lang='lat' dir='ltr'><strong>&#39;Cusum</strong></span> <span class='ocrx_word' id='word_1_230' title='bbox 500 3671 586 3728; x_wconf 89' lang='lat' dir='ltr'><strong>Nunc</strong></span> <span class='ocrx_word' id='word_1_231' title='bbox 603 3669 673 3746; x_wconf 86' lang='lat' dir='ltr'><strong>Vug.</strong></span> <span class='ocrx_word' id='word_1_232' title='bbox 697 3671 831 3728; x_wconf 88' lang='lat' dir='ltr'><strong>Danubio</strong></span> <span class='ocrx_word' id='word_1_233' title='bbox 882 3669 1009 3748; x_wconf 85' lang='lat' dir='ltr'><strong>Regnum</strong></span> <span class='ocrx_word' id='word_1_234' title='bbox 1025 3669 1188 3744; x_wconf 84' lang='lat' dir='ltr'><strong>auspicatus</strong></span> <span class='ocrx_word' id='word_1_235' title='bbox 1206 3678 1248 3724; x_wconf 84' lang='lat' dir='ltr'><strong>est</strong></span> <span class='ocrx_word' id='word_1_236' title='bbox 1269 3669 1347 3727; x_wconf 87' lang='lat' dir='ltr'><strong>eirca</strong></span> <span class='ocrx_word' id='word_1_237' title='bbox 1367 3689 1414 3744; x_wconf 80' lang='lat' dir='ltr'><strong>an·</strong></span> 
     </span>
     <span class='ocr_line' id='line_1_31' title="bbox 296 3743 1414 3828; baseline -0.004 -20"><span class='ocrx_word' id='word_1_238' title='bbox 296 3749 455 3809; x_wconf 88' lang='lat' dir='ltr'><strong>infunditur</strong></span> <span class='ocrx_word' id='word_1_239' title='bbox 467 3769 552 3828; x_wconf 87' lang='lat' dir='ltr'><strong>prope</strong></span> <span class='ocrx_word' id='word_1_240' title='bbox 566 3751 663 3807; x_wconf 90' lang='lat' dir='ltr'><strong>urbem</strong></span> <span class='ocrx_word' id='word_1_241' title='bbox 677 3747 791 3820; x_wconf 78' lang='lat' dir='ltr'><strong>¹Cornorn</strong></span> <span class='ocrx_word' id='word_1_242' title='bbox 801 3749 831 3807; x_wconf 89' lang='lat' dir='ltr'><strong>in</strong></span> <span class='ocrx_word' id='word_1_243' title='bbox 880 3765 947 3806; x_wconf 89' lang='lat' dir='ltr'><strong>num</strong></span> <span class='ocrx_word' id='word_1_244' title='bbox 960 3750 995 3808; x_wconf 92' lang='lat' dir='ltr'><strong>U.</strong></span> <span class='ocrx_word' id='word_1_245' title='bbox 1004 3753 1038 3808; x_wconf 79' lang='lat' dir='ltr'><strong>C.</strong></span> <span class='ocrx_word' id='word_1_246' title='bbox 1051 3753 1119 3814; x_wconf 75' lang='lat'><strong>738..</strong></span> <span class='ocrx_word' id='word_1_247' title='bbox 1134 3744 1171 3819; x_wconf 66' lang='lat' dir='ltr'><strong>A.</strong></span> <span class='ocrx_word' id='word_1_248' title='bbox 1183 3743 1271 3806; x_wconf 65' lang='lat'><strong>015.</strong></span> <span class='ocrx_word' id='word_1_249' title='bbox 1294 3749 1414 3805; x_wconf 75' lang='lat' dir='ltr'><strong>Vivebat</strong></span> 
     </span>
     <span class='ocr_line' id='line_1_32' title="bbox 297 3822 1366 3906; baseline -0.002 -18"><span class='ocrx_word' id='word_1_250' title='bbox 297 3827 452 3906; x_wconf 79' lang='lat' dir='ltr'><strong>Hungarii.</strong></span> <span class='ocrx_word' id='word_1_251' title='bbox 524 3823 536 3848; x_wconf 62' lang='lat'><em>³</em></span> <span class='ocrx_word' id='word_1_252' title='bbox 880 3826 1058 3886; x_wconf 86' lang='lat' dir='ltr'><strong>adhuenuno</strong></span> <span class='ocrx_word' id='word_1_253' title='bbox 1071 3827 1108 3884; x_wconf 90' lang='lat' dir='ltr'><strong>U.</strong></span> <span class='ocrx_word' id='word_1_254' title='bbox 1122 3827 1156 3884; x_wconf 89' lang='lat' dir='ltr'><strong>C.</strong></span> <span class='ocrx_word' id='word_1_255' title='bbox 1169 3833 1237 3894; x_wconf 84' lang='lat'><strong>759.</strong></span> <span class='ocrx_word' id='word_1_256' title='bbox 1252 3827 1280 3884; x_wconf 82' lang='lat' dir='ltr'><strong>J.</strong></span> <span class='ocrx_word' id='word_1_257' title='bbox 1293 3822 1366 3886; x_wconf 72' lang='grc'><strong>(1.6.</strong></span> 
     </span>
    </p>

    <p class='ocr_par' dir='ltr' id='par_1_8' title="bbox 295 3905 1410 4098">
     <span class='ocr_line' id='line_1_33' title="bbox 334 3905 1410 3984; baseline -0.004 -16"><span class='ocrx_word' id='word_1_258' title='bbox 334 3905 389 3968; x_wconf 85' lang='lat' dir='ltr'><strong>‘A</strong></span> <span class='ocrx_word' id='word_1_259' title='bbox 412 3905 575 3967; x_wconf 67' lang='lat' dir='ltr'><strong>Germanico</strong></span> <span class='ocrx_word' id='word_1_260' title='bbox 594 3908 697 3965; x_wconf 83' lang='lat' dir='ltr'><strong>datum.</strong></span> <span class='ocrx_word' id='word_1_261' title='bbox 737 3909 830 3984; x_wconf 88' lang='lat' dir='ltr'><strong>Supra</strong></span> <span class='ocrx_word' id='word_1_262' title='bbox 921 3905 944 3932; x_wconf 90' lang='lat'><strong>¹¹</strong></span> <span class='ocrx_word' id='word_1_263' title='bbox 961 3905 1168 3982; x_wconf 68' lang='lat' dir='ltr'><strong>Rhescuporidi.</strong></span> <span class='ocrx_word' id='word_1_264' title='bbox 1222 3905 1268 3962; x_wconf 81' lang='lat' dir='ltr'><strong>Ad</strong></span> <span class='ocrx_word' id='word_1_265' title='bbox 1290 3905 1410 3964; x_wconf 87' lang='lat' dir='ltr'><strong>Rhescu-</strong></span> 
     </span>
     <span class='ocr_line' id='line_1_34' title="bbox 295 3985 1408 4098; baseline -0.004 -51"><span class='ocrx_word' id='word_1_266' title='bbox 295 4007 359 4098; x_wconf 79' lang='lat' dir='ltr'><strong>eap.</strong></span> <span class='ocrx_word' id='word_1_267' title='bbox 372 3985 421 4048; x_wconf 77' lang='grc'><strong>46.</strong></span> <span class='ocrx_word' id='word_1_268' title='bbox 879 3987 959 4063; x_wconf 86' lang='lat' dir='ltr'><strong>pon&#39;n</strong></span> <span class='ocrx_word' id='word_1_269' title='bbox 969 3988 991 4044; x_wconf 94' lang='lat' dir='ltr'><strong>l.</strong></span> <span class='ocrx_word' id='word_1_270' title='bbox 1002 4001 1030 4045; x_wconf 84' lang='lat' dir='ltr'><strong>et</strong></span> <span class='ocrx_word' id='word_1_271' title='bbox 1037 3988 1130 4062; x_wconf 89' lang='lat' dir='ltr'><strong>Cotyn</strong></span> <span class='ocrx_word' id='word_1_272' title='bbox 1141 3987 1175 4042; x_wconf 92' lang='lat' dir='ltr'><strong>V.</strong></span> <span class='ocrx_word' id='word_1_273' title='bbox 1183 3985 1314 4042; x_wconf 82' lang='lat' dir='ltr'><strong>Thmciae</strong></span> <span class='ocrx_word' id='word_1_274' title='bbox 1327 4005 1408 4062; x_wconf 79' lang='lat' dir='ltr'><strong>reges,</strong></span> 
     </span>
    </p>

    <p class='ocr_par' dir='ltr' id='par_1_9' title="bbox 294 4062 1411 4534">
     <span class='ocr_line' id='line_1_35' title="bbox 362 4062 1411 4143; baseline -0.003 -19"><span class='ocrx_word' id='word_1_275' title='bbox 362 4067 471 4125; x_wconf 83' lang='lat' dir='ltr'><strong>Str-reti</strong></span> <span class='ocrx_word' id='word_1_276' title='bbox 483 4075 511 4124; x_wconf 82' lang='lat' dir='ltr'><strong>et</strong></span> <span class='ocrx_word' id='word_1_277' title='bbox 524 4085 614 4124; x_wconf 85' lang='lat' dir='ltr'><strong>orcus.</strong></span> <span class='ocrx_word' id='word_1_278' title='bbox 644 4067 731 4124; x_wconf 85' lang='lat' dir='ltr'><strong>Extat</strong></span> <span class='ocrx_word' id='word_1_279' title='bbox 741 4086 828 4143; x_wconf 87' lang='lat' dir='ltr'><strong>propo</strong></span> <span class='ocrx_word' id='word_1_280' title='bbox 878 4062 998 4141; x_wconf 81' lang='lat' dir='ltr'><strong>pertinet</strong></span> <span class='ocrx_word' id='word_1_281' title='bbox 1006 4083 1136 4122; x_wconf 88' lang='lat' dir='ltr'><strong>nummus</strong></span> <span class='ocrx_word' id='word_1_282' title='bbox 1144 4083 1241 4132; x_wconf 83' lang='lat' dir='ltr'><strong>aereus,</strong></span> <span class='ocrx_word' id='word_1_283' title='bbox 1249 4066 1345 4140; x_wconf 90' lang='lat' dir='ltr'><strong>inquo</strong></span> <span class='ocrx_word' id='word_1_284' title='bbox 1355 4066 1411 4121; x_wconf 88' lang='lat' dir='ltr'><strong>dia·</strong></span> 
     </span>
     <span class='ocr_line' id='line_1_36' title="bbox 295 4143 1409 4224; baseline -0.004 -21"><span class='ocrx_word' id='word_1_285' title='bbox 295 4157 404 4222; x_wconf 82' lang='lat' dir='ltr'><strong>portam</strong></span> <span class='ocrx_word' id='word_1_286' title='bbox 426 4146 454 4205; x_wconf 91' lang='lat' dir='ltr'><strong>S.</strong></span> <span class='ocrx_word' id='word_1_287' title='bbox 468 4145 621 4202; x_wconf 80' lang='lat' dir='ltr'><strong>Sebastiam</strong></span> <span class='ocrx_word' id='word_1_288' title='bbox 637 4163 719 4204; x_wconf 87' lang='lat' dir='ltr'><strong>arcus</strong></span> <span class='ocrx_word' id='word_1_289' title='bbox 732 4147 828 4208; x_wconf 83' lang='lat' dir='ltr'><strong>dictus</strong></span> <span class='ocrx_word' id='word_1_290' title='bbox 879 4145 1023 4202; x_wconf 84' lang='lat' dir='ltr'><strong>domatum</strong></span> <span class='ocrx_word' id='word_1_291' title='bbox 1030 4143 1128 4220; x_wconf 82' lang='lat' dir='ltr'><strong>Cotyis</strong></span> <span class='ocrx_word' id='word_1_292' title='bbox 1135 4156 1231 4224; x_wconf 83' lang='lat' dir='ltr'><strong>eaput,</strong></span> <span class='ocrx_word' id='word_1_293' title='bbox 1239 4151 1409 4198; x_wconf 74' lang='grc' dir='ltr'><strong>ΒΑΣΙΛΕΥΣ</strong></span> 
     </span>
     <span class='ocr_line' id='line_1_37' title="bbox 297 4217 1409 4300; baseline -0.004 -18"><span class='ocrx_word' id='word_1_294' title='bbox 297 4227 401 4300; x_wconf 77' lang='lat' dir='ltr'><strong>Drusi;</strong></span> <span class='ocrx_word' id='word_1_295' title='bbox 425 4227 471 4282; x_wconf 82' lang='lat' dir='ltr'><strong>sed</strong></span> <span class='ocrx_word' id='word_1_296' title='bbox 497 4228 519 4282; x_wconf 89' lang='lat' dir='ltr'><strong>is</strong></span> <span class='ocrx_word' id='word_1_297' title='bbox 544 4226 629 4281; x_wconf 88' lang='lat' dir='ltr'><strong>Drusi</strong></span> <span class='ocrx_word' id='word_1_298' title='bbox 652 4225 764 4282; x_wconf 87' lang='lat' dir='ltr'><strong>senioris</strong></span> <span class='ocrx_word' id='word_1_299' title='bbox 786 4224 828 4283; x_wconf 80' lang='lat' dir='ltr'><strong>est</strong></span> <span class='ocrx_word' id='word_1_300' title='bbox 878 4231 1004 4287; x_wconf 77' lang='grc' dir='ltr'><strong>ΚΟΤΥΣ,</strong></span> <span class='ocrx_word' id='word_1_301' title='bbox 1038 4217 1087 4280; x_wconf 66' lang='lat' dir='ltr'><strong>rer</strong></span> <span class='ocrx_word' id='word_1_302' title='bbox 1119 4223 1211 4300; x_wconf 72' lang='lat' dir='ltr'><strong>Cotys.</strong></span> <span class='ocrx_word' id='word_1_303' title='bbox 1253 4221 1299 4278; x_wconf 86' lang='lat' dir='ltr'><strong>Ex</strong></span> <span class='ocrx_word' id='word_1_304' title='bbox 1326 4217 1409 4278; x_wconf 79' lang='lat' dir='ltr'><strong>alteri</strong></span> 
     </span>
     <span class='ocr_line' id='line_1_38' title="bbox 295 4300 1409 4382; baseline -0.005 -21"><span class='ocrx_word' id='word_1_305' title='bbox 295 4307 466 4374; x_wconf 76' lang='lat' dir='ltr'><strong>Germanici,</strong></span> <span class='ocrx_word' id='word_1_306' title='bbox 481 4306 585 4382; x_wconf 86' lang='lat' dir='ltr'><strong>dequo</strong></span> <span class='ocrx_word' id='word_1_307' title='bbox 600 4305 678 4362; x_wconf 88' lang='lat' dir='ltr'><strong>Suet.</strong></span> <span class='ocrx_word' id='word_1_308' title='bbox 691 4305 793 4362; x_wconf 85' lang='lat' dir='ltr'><strong>Claud.</strong></span> <span class='ocrx_word' id='word_1_309' title='bbox 804 4323 827 4362; x_wconf 90' lang='lat' dir='ltr'><strong>r.</strong></span> <span class='ocrx_word' id='word_1_310' title='bbox 877 4312 966 4378; x_wconf 88' lang='lat' dir='ltr'><strong>parte,</strong></span> <span class='ocrx_word' id='word_1_311' title='bbox 989 4301 1118 4359; x_wconf 85' lang='lat' dir='ltr'><strong>Victoria</strong></span> <span class='ocrx_word' id='word_1_312' title='bbox 1146 4300 1246 4357; x_wconf 67' lang='lat' dir='ltr'><strong>dextri</strong></span> <span class='ocrx_word' id='word_1_313' title='bbox 1270 4300 1409 4368; x_wconf 72' lang='lat' dir='ltr'><strong>coronam,</strong></span> 
     </span>
     <span class='ocr_line' id='line_1_39' title="bbox 295 4372 1407 4466; baseline -0.007 -25"><span class='ocrx_word' id='word_1_314' title='bbox 295 4385 446 4460; x_wconf 87' lang='lat' dir='ltr'><strong>Spectatur</strong></span> <span class='ocrx_word' id='word_1_315' title='bbox 457 4393 485 4440; x_wconf 84' lang='lat' dir='ltr'><strong>ct</strong></span> <span class='ocrx_word' id='word_1_316' title='bbox 498 4385 525 4440; x_wconf 88' lang='lat' dir='ltr'><strong>iu</strong></span> <span class='ocrx_word' id='word_1_317' title='bbox 539 4401 665 4440; x_wconf 89' lang='lat' dir='ltr'><strong>nummo.</strong></span> <span class='ocrx_word' id='word_1_318' title='bbox 702 4374 827 4442; x_wconf 79' lang='lat' dir='ltr'><strong>iunioris</strong></span> <span class='ocrx_word' id='word_1_319' title='bbox 876 4375 985 4438; x_wconf 71' lang='lat' dir='ltr'><strong>sinistri</strong></span> <span class='ocrx_word' id='word_1_320' title='bbox 996 4381 1120 4456; x_wconf 89' lang='lat' dir='ltr'><strong>palmam</strong></span> <span class='ocrx_word' id='word_1_321' title='bbox 1131 4372 1407 4466; x_wconf 29' lang='lat' dir='ltr'><strong>tenetjlpdxlnsspi</strong></span> 
     </span>
     <span class='ocr_line' id='line_1_40' title="bbox 294 4457 1409 4534; baseline -0.005 -14"><span class='ocrx_word' id='word_1_322' title='bbox 294 4465 382 4524; x_wconf 86' lang='lat' dir='ltr'><strong>Drusi</strong></span> <span class='ocrx_word' id='word_1_323' title='bbox 395 4483 477 4520; x_wconf 86' lang='lat' dir='ltr'><strong>arcus</strong></span> <span class='ocrx_word' id='word_1_324' title='bbox 489 4481 580 4519; x_wconf 83' lang='lat' dir='ltr'><strong>aevum</strong></span> <span class='ocrx_word' id='word_1_325' title='bbox 594 4480 647 4518; x_wconf 89' lang='lat' dir='ltr'><strong>non</strong></span> <span class='ocrx_word' id='word_1_326' title='bbox 662 4463 736 4520; x_wconf 83' lang='lat' dir='ltr'><strong>tuhr.</strong></span> <span class='ocrx_word' id='word_1_327' title='bbox 811 4465 814 4473; x_wconf 83' lang='lat'><em>&#39;</em></span> <span class='ocrx_word' id='word_1_328' title='bbox 876 4468 1177 4522; x_wconf 73' lang='grc' dir='ltr'>ΡΑΣΚΟΠΙΟΗΔΟΣ,</span> <span class='ocrx_word' id='word_1_329' title='bbox 1199 4458 1274 4534; x_wconf 84' lang='lat' dir='ltr'><strong>regia</strong></span> <span class='ocrx_word' id='word_1_330' title='bbox 1291 4457 1409 4522; x_wconf 76' lang='lat' dir='ltr'><strong>Rhescu-</strong></span> 
     </span>
    </p>

    <p class='ocr_par' dir='ltr' id='par_1_10' title="bbox 292 4523 1407 4701">
     <span class='ocr_line' id='line_1_41' title="bbox 317 4523 1407 4618; baseline -0.004 -20"><span class='ocrx_word' id='word_1_331' title='bbox 317 4523 344 4572; x_wconf 58' lang='lat' dir='ltr'><strong>&#39;i</strong></span> <span class='ocrx_word' id='word_1_332' title='bbox 359 4543 464 4618; x_wconf 67' lang='lat' dir='ltr'><strong>Tempu</strong></span> <span class='ocrx_word' id='word_1_333' title='bbox 498 4537 734 4600; x_wconf 64' lang='lat' dir='ltr'><strong>aroannam.</strong></span> <span class='ocrx_word' id='word_1_334' title='bbox 791 4543 825 4600; x_wconf 84' lang='lat' dir='ltr'><strong>In</strong></span> <span class='ocrx_word' id='word_1_335' title='bbox 873 4538 988 4613; x_wconf 64' lang='lat' dir='ltr'><strong>paura.</strong></span> <span class='ocrx_word' id='word_1_336' title='bbox 1029 4539 1103 4596; x_wconf 71' lang='lat' dir='ltr'><strong>vua</strong></span> <span class='ocrx_word' id='word_1_337' title='bbox 1115 4539 1152 4594; x_wconf 86' lang='lat' dir='ltr'><strong>V.</strong></span> <span class='ocrx_word' id='word_1_338' title='bbox 1166 4537 1211 4597; x_wconf 80' lang='lat' dir='ltr'><strong>cl.</strong></span> <span class='ocrx_word' id='word_1_339' title='bbox 1225 4539 1311 4612; x_wconf 55' lang='lat' dir='ltr'><strong>can,</strong></span> <span class='ocrx_word' id='word_1_340' title='bbox 1329 4556 1359 4612; x_wconf 81' lang='lat' dir='ltr'><strong>p.</strong></span> <span class='ocrx_word' id='word_1_341' title='bbox 1370 4541 1407 4600; x_wconf 78' lang='lat' dir='ltr'><strong>re</strong></span> 
     </span>
     <span class='ocr_line' id='line_1_42' title="bbox 292 4617 972 4701; baseline -0.009 -22"><span class='ocrx_word' id='word_1_342' title='bbox 292 4617 381 4701; x_wconf 73' lang='lat' dir='ltr'><strong>primi</strong></span> <span class='ocrx_word' id='word_1_343' title='bbox 396 4621 471 4679; x_wconf 87' lang='lat' dir='ltr'><strong>urbis</strong></span> <span class='ocrx_word' id='word_1_344' title='bbox 485 4621 602 4696; x_wconf 83' lang='lat' dir='ltr'><strong>regione.</strong></span> <span class='ocrx_word' id='word_1_345' title='bbox 875 4629 903 4674; x_wconf 84' lang='lat' dir='ltr'><strong>et</strong></span> <span class='ocrx_word' id='word_1_346' title='bbox 915 4637 972 4691; x_wconf 85' lang='lat' dir='ltr'><strong>seq.</strong></span> 
     </span>
    </p>

    <p class='ocr_par' dir='ltr' id='par_1_11' title="bbox 292 4692 1409 4857">
     <span class='ocr_line' id='line_1_43' title="bbox 318 4692 1408 4777; baseline -0.01 -17"><span class='ocrx_word' id='word_1_347' title='bbox 318 4699 424 4760; x_wconf 80' lang='lat' dir='ltr'><strong>&#39;⁹Cnm</strong></span> <span class='ocrx_word' id='word_1_348' title='bbox 448 4701 534 4777; x_wconf 67' lang='lat' dir='ltr'><strong>effigie</strong></span> <span class='ocrx_word' id='word_1_349' title='bbox 561 4699 704 4758; x_wconf 75' lang='lat' dir='ltr'><strong>Cesaram.</strong></span> <span class='ocrx_word' id='word_1_350' title='bbox 752 4701 824 4760; x_wconf 87' lang='lat' dir='ltr'><strong>Ger·</strong></span> <span class='ocrx_word' id='word_1_351' title='bbox 915 4693 941 4724; x_wconf 87' lang='lat'><strong>¹²</strong></span> <span class='ocrx_word' id='word_1_352' title='bbox 952 4696 1024 4754; x_wconf 75' lang='lat' dir='ltr'><strong>Filio</strong></span> <span class='ocrx_word' id='word_1_353' title='bbox 1037 4693 1127 4772; x_wconf 76' lang='lat' dir='ltr'><strong>Cotyi.</strong></span> <span class='ocrx_word' id='word_1_354' title='bbox 1150 4695 1244 4770; x_wconf 66' lang='lat' dir='ltr'><strong>Cotyi,</strong></span> <span class='ocrx_word' id='word_1_355' title='bbox 1257 4693 1316 4751; x_wconf 86' lang='lat' dir='ltr'><strong>filio</strong></span> <span class='ocrx_word' id='word_1_356' title='bbox 1326 4692 1408 4750; x_wconf 85' lang='lat' dir='ltr'>Rhoe-</span> 
     </span>
     <span class='ocr_line' id='line_1_44' title="bbox 292 4773 1409 4857; baseline -0.012 -16"><span class='ocrx_word' id='word_1_357' title='bbox 292 4783 396 4857; x_wconf 84' lang='lat' dir='ltr'><strong>manici</strong></span> <span class='ocrx_word' id='word_1_358' title='bbox 409 4791 437 4840; x_wconf 87' lang='lat' dir='ltr'><strong>et</strong></span> <span class='ocrx_word' id='word_1_359' title='bbox 452 4779 550 4840; x_wconf 85' lang='lat' dir='ltr'><strong>Drusi.</strong></span> <span class='ocrx_word' id='word_1_360' title='bbox 874 4775 1009 4849; x_wconf 68' lang='lat' dir='ltr'><strong>metricis,</strong></span> <span class='ocrx_word' id='word_1_361' title='bbox 1021 4776 1165 4835; x_wconf 81' lang='lat' dir='ltr'><strong>literarum</strong></span> <span class='ocrx_word' id='word_1_362' title='bbox 1175 4774 1276 4832; x_wconf 85' lang='lat' dir='ltr'><strong>studiis</strong></span> <span class='ocrx_word' id='word_1_363' title='bbox 1287 4773 1409 4846; x_wconf 23' lang='lat' dir='ltr'><strong>celeber-v</strong></span> 
     </span>
    </p>
   </div>
   <div class='ocr_carea' id='block_1_5' title="bbox 0 0 1604 5509">
    <p class='ocr_par' dir='ltr' id='par_1_12' title="bbox 0 0 1604 5509">
     <span class='ocr_line' id='line_1_45' title="bbox 0 0 1604 5509; baseline 0 5"><span class='ocrx_word' id='word_1_364' title='bbox 0 0 1604 5509; x_wconf 95' lang='lat' dir='ltr'><strong> </strong></span> 
     </span>
    </p>
   </div>
  </div>
 </body>
</html>
