3200 5509
664 508 936 579 PRAEFAT10.·
1315 526 1368 589 xxi

235 709 413 808 secessit,
455 708 680 806 annexui,
721 736 859 819 neque
888 711 963 793 otii
1000 714 1207 823 cupidine,
1253 720 1368 827 quod

235 851 483 959 quibusdem
504 852 661 964 placuit
673 882 685 945 ς
714 864 772 950 at,
801 865 848 936 ut
865 854 996 937 verior
1014 855 1092 937 fert
1119 862 1367 970 conjectura,

234 996 448 1101 prseterius
466 996 638 1109 legatus,
666 994 940 1105 provinciisve
958 1011 1091 1079 rector
1116 998 1144 1080 d
1174 972 1377 1113 Principe

233 1133 465 1246 impositus.
523 1139 683 1223 Absens
714 1138 1029 1246 quadriennium
1063 1147 1227 1249 egerat,¹
1267 1146 1366 1229 cdm

232 1280 396 1389 accepit
414 1308 576 1365 summo
595 1280 743 1363 doloris
761 1306 882 1363 sensu
901 1309 1086 1365 socerum
1106 1312 1229 1367 soum
1247 1287 1366 1397 Agri·

232 1420 366 1503 colam
399 1423 562 1507 decimo
582 1423 792 1508 Kalendas
812 1422 1077 1535 Septembris,
1105 1455 1215 1510 anno
1236 1428 1364 1512 Urbis

232 1558 423 1649 Conditoe
442 1564 537 1654 846.
567 1579 739 1651 mortem
759 1566 932 1659 obiisse;
960 1580 1016 1665 et,
1045 1579 1094 1651 ut
1121 1568 1235 1653 fama
1262 1588 1364 1675 erat,

235 1702 465 1791 Domitiani
485 1736 643 1793 veneno
660 1711 963 1823 interceptum?
1008 1753 1012 1761 ·
1043 1710 1045 1716 ’

286 1990 339 2075 In
372 1990 532 2077 Urbem
566 2003 655 2077 tum
697 2018 892 2093 reversus,
938 1990 1172 2104 Principem
1198 1995 1369 2105 reperit

228 2159 312 2217 non
323 2136 412 2246 jam
431 2135 602 2235 insidiis,
630 2136 700 2233 sed
721 2137 890 2245 publico
908 2138 1111 2219 bonorum
1138 2138 1236 2221 odio
1258 2138 1363 2221 fero*

229 2304 332 2361 cem.
389 2276 507 2363 Vidit
553 2282 759 2363 obsessam
806 2281 975 2376 curiam,
1019 2278 1203 2363 clausum
1239 2282 1363 2363 armis

229 2433 430 2521 senatum,
477 2434 681 2507 senatores
723 2425 765 2507 in
804 2448 1008 2507 carcerem
1044 2420 1072 2503 d
1107 2423 1362 2506 senatoribus
1424 2505 1429 2515 ,

229 2562 388 2662 ductos,
426 2578 501 2651 snt
527 2568 736 2651 innocenti
769 2567 951 2679 perfusos
977 2566 1187 2676 sangnine
1243 2564 1363 2649 Talis

230 2703 433 2817 Principis
471 2714 719 2819 senatorque
754 2710 976 2822 opprobria
1026 2706 1190 2805 vidisse,
1231 2708 1362 2819 iisqne

228 2852 441 2935 senatoriae
484 2853 694 2964 dignitatis
740 2854 983 2939 necessitate
1027 2850 1258 2936 interfuisse
1301 2852 1363 2933 ita

226 2991 477 3093 inhorrescit,
504 3005 566 3096 ut,
594 3000 658 3083 vel
686 3028 737 3085 ea
754 2995 1128 3092 commemorando,
1155 3022 1199 3077 se
1216 2992 1363 3102 flagitii

227 3162 304 3221 nec
340 3140 585 3239 ministrum,
631 3172 709 3229 nec
745 3170 965 3239 suasorem,
999 3166 1200 3251 umquam
1236 3136 1361 3221 fnisse

226 3279 324 3366 satis
343 3282 593 3391 prodiderit.3

282 3545 413 3653 Foeda
430 3536 680 3673 criminibirs,
707 3576 823 3660 luctu
838 3587 987 3660 moesta
1003 3586 1191 3686 tempora
1207 3569 1360 3655 exhila-

225 3710 332 3793 ravit
367 3709 560 3826 Princeps
594 3716 735 3801 Nerva
762 3748 872 3804 anno
893 3718 1023 3802 Urbis
1042 3714 1232 3801 conditae
1261 3725 1357 3811 849.

226 3849 332 3937 Tum
360 3853 491 3939 redire
518 3858 657 3942 virtuti
685 3861 824 3964 decus,
863 3862 971 3945 vitiis
998 3860 1181 3956 infamia,
1219 3858 1359 3942 sceleri

226 3997 409 4083 exitium.
466 3998 694 4111 Auspiceta
719 4004 975 4116 principatds
1001 4004 1121 4087 initia
1152 4002 1360 4114 insignivit

271 4322 280 4351 ¹
299 4314 400 4385 Tacit.
420 4316 485 4385 vit.
509 4316 587 4403 Agr.
611 4340 680 4404 cap.
702 4325 746 4388 44
857 4314 984 4433 :Tacit
998 4315 1073 4383 ibid.
1086 4338 1157 4402 cop.
1170 4324 1224 4383 45.

227 4414 257 4466 et
268 4410 320 4468 45.
884 4404 986 4473 Tacit.
999 4402 1072 4470 rbrd.
1086 4424 1156 4486 cap·
1168 4409 1222 4473 45.
