3200 5509
256 488 298 557 lir
683 476 941 547 pemmo.

262 683 499 773 Christianis
537 704 702 789 quoque
739 676 837 761 cum
874 700 985 784 saepe
1014 689 1119 759 esset
1149 676 1249 759 milri
1265 702 1392 787 agen·

262 830 379 925 dum,
390 825 500 937 juvit
512 852 587 907 cur
598 824 652 907 ab
669 818 839 933 optimis
852 821 977 903 etiam
992 818 1250 929 Principibus
1268 845 1391 905 vexa·

264 980 405 1057 rentur
451 966 693 1077 expendere.
763 960 978 1073 Stupenda
1014 960 1183 1045 demum
1226 958 1395 1071 Trajani

231 1130 406 1222 opera,
451 1122 618 1220 pontem
666 1134 788 1219 supra
835 1104 1095 1202 Danubium,
1143 1102 1397 1197 columnam,

265 1280 413 1337 navem
449 1253 635 1335 omnium
672 1249 907 1344 maximam,
954 1238 1125 1355 aliaque
1174 1243 1218 1328 id
1268 1270 1401 1355 mnus

267 1404 548 1490 monumenta,
576 1392 811 1502 singillatim
830 1389 1039 1499 descripsi.
1095 1388 1167 1486 Et,
1193 1386 1291 1470 crim
1309 1382 1422 1467 rese·

267 1536 433 1621 occasio
450 1535 639 1633 dedisset,
666 1543 714 1617 ut
728 1532 1000 1640 fragmentum
1015 1528 1102 1613 'riti
1118 1524 1240 1626 Livii,
1260 1555 1403 1612 recena

166 1766 169 1775 ,
270 1688 491 1787 repertum,
537 1676 758 1773 laudarem,
805 1701 973 1785 operam
1014 1700 1147 1755 meam
1182 1671 1404 1755 desiderari

273 1845 467 1903 nonaum
487 1844 644 1927 passus,
673 1828 721 1900 ut
738 1816 906 1899 emditis
931 1817 1025 1898 viris
1044 1816 1301 1925 gratificarer,
1328 1812 1406 1928 qui
1565 1813 1566 1846 ¹

274 1957 428 2043 foedam
452 1958 559 2041 hanc
587 1970 630 2040 et
646 1958 823 2041 laceram
843 1956 951 2037 Livii
968 1953 1406 2066 laciniamintegritati
1567 2015 1568 2028 r

276 2126 360 2183 auae
404 2100 634 2183 restitutam
671 2110 954 2209 percuperent
1011 2096 1120 2181 lllud
1152 2096 1249 2211 ergo
1282 2096 1409 2206 Frag-

277 2252 462 2323 mentum
477 2241 762 2350 supplemento
775 2239 966 2350 explevi3
993 2254 1049 2339 et,
1067 2268 1122 2323 ne
1135 2241 1236 2350 quid
1249 2240 1411 2324 deesset

281 2383 448 2467 utilitati
467 2384 660 2492 publiea,
688 2383 1023 2468 adnotationibus
1039 2384 1247 2467 illustravi.

340 2665 445 2749 Haec
475 2665 575 2751 crim·
604 2665 894 2774 prestitissem,
935 2667 1034 2749 nibil
1071 2667 1274 2776 reliquum
1310 2666 1414 2751 mihi

286 2808 432 2905 visum,
460 2806 589 2917 quim
622 2821 668 2889 ut
691 2807 838 2891 miram
855 2810 898 2891 in
915 2807 1061 2893 Tacito
1079 2838 1216 2893 rerum
1234 2810 1416 2895 civilium

287 2949 565 3059 prudentiam,
606 2948 796 3031 omnibns
829 2949 1091 3047 celebratam,
1115 2978 1195 3035 nec
1213 2978 1418 3061 umquam

289 3091 387 3175 eatis
405 3090 685 3200 praedicatam,
714 3090 791 3172 sub
825 3118 907 3173 uno
936 3093 1054 3199 quasi
1083 3092 1237 3176 intuitu
1254 3094 1426 3203 conspi·'

291 3232 494 3330 ciendam,
521 3242 564 3315 et
591 3224 769 3342 politice}
788 3235 968 3317 scientiae
984 3235 1147 3343 cupidis
1165 3234 1284 3321 facile
1303 3262 1422 3345 para-

292 3375 418 3461 bilem
437 3388 720 3484 proponerem.
779 3375 905 3471 Quod
937 3388 986 3460 ut
1002 3376 1260 3485 adaequaret,
1286 3357 1424 3461 Taciti

294 3515 463 3625 politica
483 3542 564 3599 non
593 3513 717 3597 modd
736 3516 894 3625 collegi,
921 3515 994 3599 aed
1011 3527 1055 3599 et
1072 3544 1124 3600 ex
1141 3518 1191 3601 iic
1207 3517 1425 3627 politicum

298 3656 509 3765 quoddam
528 3682 675 3765 corpus
694 3656 883 3754 conflari,
912 3658 1024 3767 quod
1053 3683 1148 3767 quae
1179 3660 1223 3741 in
1249 3650 1426 3769 publicar

273 3798 358 3883 -rei
387 3799 568 3905 vitaeque
599 3801 827 3883 communia
857 3830 935 3887 usn
966 3802 1176 3913 praecipua
1191 3816 1286 3885 aunt
1315 3828 1428 3885 coru-

299 3938 554 4048 plecteretur.
610 3941 668 4023 Iis
696 3942 879 4027 imbutus
905 3946 1065 4031 animus
1095 3944 1176 4029 alia
1193 3944 1369 4055 plutima
1385 3960 1430 4031 et

263 4204 268 4213 ι
302 4081 631 4189 exquisitissima,
662 4084 852 4171 Tacitum
880 4088 1108 4201 relegendo,
1134 4090 1310 4198 deteget,
1338 4089 1431 4196 qui·
1510 4121 1514 4129 ·

303 4220 396 4321 bus,
423 4234 471 4305 ut
488 4226 583 4321 suis,
610 4254 686 4313 nec
713 4229 740 4312 ὲ
767 4260 833 4315 me
849 4232 1097 4332 monebatis,
1123 4228 1278 4343 gratius
1295 4225 1432 4317 adhuc
