3200 5509
285 197 343 254 An
364 193 438 254 sis.
460 189 514 254 lll.
534 195 634 254 ANN.
656 196 691 253 C.
712 195 834 254 CORN.
854 195 1000 254 TAClTl.
1137 201 1197 263 487

48 334 362 431 &nummumque
389 367 478 410 cusus
496 360 548 410 ‘est
573 368 724 427 nummus,
751 349 790 410 de
817 370 880 432 quo
908 346 1022 410 dictim
1048 344 1078 407 in
1107 347 1196 409 notis.

48 450 108 516 M.
125 451 272 538 Lepidus
292 455 322 518 in
334 479 458 519 nummo
477 470 675 535 memoratus,
690 456 809 520 AEmilii
825 455 925 536 Pauli,
948 455 1078 519 basiliere
1093 456 1197 520 condi·

47 560 144 640 toris,
157 584 266 647 nepos,
278 563 385 648 posted
400 567 456 628 surt
470 564 575 628 consul
589 566 630 629 A.
643 565 684 628 U.
697 565 735 630 C.
752 568 825 637 759.
866 565 1043 630 Neroniano
1057 566 1196 630 incendio

47 669 173 735 iterum
184 675 359 739 exhaustam
370 674 495 738 restituit
504 675 640 759 optimus
649 675 789 759 princeps
798 676 959 761 Trajanus,
969 689 1001 738 nt
1012 678 1101 738 docet
1110 698 1196 738 num·
1237 715 1239 720 ·

46 801 126 842 mus
135 779 218 845 olim
228 782 246 844 ὲ
256 782 375 846 cimelio
386 782 430 857 D.
442 783 599 848 Rotbelin:
613 807 651 845 ex
660 784 720 845 und
733 798 827 867 parte,
839 785 972 846 velatum
982 797 1074 868 caput
1083 784 1196 860 Vesta,

47 903 139 952 retro
155 911 283 970 corona,
297 891 366 956 ante
380 893 558 977 simpulum:
574 893 714 956 exalterb
727 906 822 977 parte,
836 891 1071 957 AEMILIA
1086 893 1201 957 REF.

48 996 86 1060 S.
105 997 151 1062 C.
170 999 223 1066 M.
248 999 487 1081 LEPIDVS,
511 1001 653 1079 Basilica,
676 1001 814 1085 appensis
829 1001 965 1086 Clypeis,
984 1026 1054 1064 curn
1070 1002 1197 1086 inscrip-

49 1107 143 1173 tione
175 1108 287 1176 IMP.
320 1110 460 1176 CAES.
491 1110 708 1179 TRAIAN.
735 1110 847 1174 AVG.
875 1111 992 1176 GER.
1017 1110 1133 1175 DAC.
1156 1111 1196 1174 P.

50 1216 96 1281 P.
114 1217 273 1306 *RES'R
297 1218 471 1305 Imperator
494 1217 597 1287 Cesar
622 1219 774 1306 Trajonns
793 1221 961 1305 Augustus,
985 1220 1197 1300 Genr‘rnnicns,

50 1324 215 1407 Dacicus,
230 1326 330 1392 Pater
345 1328 474 1406 Patria,
489 1330 630 1393 restitnit.
674 1329 745 1392 Alia
767 1330 824 1392 suit
841 1328 872 1392 in
892 1351 940 1393 ιν.
963 1329 1057 1392 Urbis
1075 1330 1197 1413 regione

49 1436 201 1515 basilica,
223 1461 275 1500 seu
290 1438 426 1522 porticus
441 1437 577 1517 AEmilia,
599 1461 689 1523 qnam
704 1462 843 1501 censores
865 1440 907 1510 Q.
922 1438 1045 1502 Fulvius
1068 1438 1197 1503 Flaccus

50 1557 84 1608 et
107 1546 155 1610 A.
172 1546 372 1611 Postbumius
395 1546 536 1625 Albinus,
558 1546 749 1631 reficiendam
777 1547 925 1611 curarunt
952 1547 994 1611 Α.
1006 1548 1047 1611 U.
1057 1547 1096 1612 C.
1122 1558 1196 1614 580.

51 1653 183 1733 Livius,
197 1676 271 1719 κω.
282 1665 334 1725 27.
357 1656 439 1721 Plin.
452 1678 567 1721 xxxv.
579 1665 609 1720 8.
633 1656 767 1728 Quidam
784 1657 904 1720 tertiam
919 1656 1083 1721 Basilicam
1098 1658 1197 1723 AEmi-
1283 1654 1285 1660 ’

51 1763 146 1843 liam,
163 1787 231 1850 quse
244 1765 276 1828 in
300 1787 380 1829 vni.
400 1765 494 1830 Urbis
515 1766 636 1850 regione
647 1769 777 1850 {quoque
792 1766 891 1843 fuerit,
910 1768 1087 1844 obtrudunt,
1104 1790 1195 1850 quam

54 1878 217 1960 umquam
233 1875 366 1940 extitisse
385 1876 493 1945 meritd
511 1887 621 1958 negant
641 1875 696 1938 viri
717 1874 918 1951 eruditissimi,
943 1874 1147 1958 Havercamp,
1165 1876 1197 1939 in

55 2007 91 2048 n.
106 1984 229 2049 consul.
244 1986 360 2052 Morel.
374 2009 407 2070 p.
420 1987 492 2051 641.
514 1998 544 2048 et
566 1983 596 2047 le
611 1984 708 2063 Beau,
723 1983 774 2067 qui
790 1984 930 2046 accurate
945 1983 982 2045 de
996 1981 1042 2044 bis
1063 1983 1196 2048 basilicis

54 2093 197 2180 scripsit,
233 2094 397 2161 Mernor‘res
438 2095 475 2158 sle
511 2093 699 2157 l'Acodlmie
741 2091 862 2179 Ropole
897 2091 947 2155 des
982 2086 1216 2176 Inscriptions,

54 2201 136 2269 Vol.
155 2226 260 2270 xxiv.
280 2229 314 2289 p.
325 2213 387 2269 205
402 2216 434 2268 et
448 2226 510 2289 seq.

99 2311 217 2378 'Tanto
231 2314 286 2380 vis.
329 2313 473 2380 Muretus
495 2312 618 2394 addidit,
630 2312 768 2400 ignium.-
783 2311 872 2376 male.
903 2310 983 2376 Vide
1003 2312 1099 2378 Misc.
1115 2315 1194 2379 Obs.

59 2443 119 2488 rx.
142 2426 219 2506 396.

71 2657 200 2724 »Cara
222 2668 274 2729 7&
318 2661 367 2723 Ac
387 2671 497 2722 tornea.
541 2655 589 2722 Ita
607 2655 677 2719 libri
690 2667 804 2719 veteres
818 2668 848 2719 et
862 2644 1050 2721 recentiores.
1095 2655 1194 2726 Medii

37 2796 38 2799 ¹
59 2768 236 2854 quidamst
250 2768 347 2852 pauci,
361 2769 407 2834 Ar
422 2778 532 2831 tannen.
1154 2845 1156 2851 Ι

104 2869 177 2958 ¹Suel
194 2877 359 2964 populique
384 2875 520 2941 Romani
542 2873 733 2939 contumelid.
777 2874 827 2937 Ita
849 2873 1027 2953 Beroaldus,
1049 2875 1194 2940 editiones

39 3001 181 3053 *veteres
194 2974 225 3052 et
246 2987 434 3051 recentiores.
479 2985 652 3069 Operarum
671 2983 745 3045 vitio
763 2982 794 3045 in
813 2982 929 3046 Aldina
949 2982 1079 3047 editione
1100 2984 1195 3067 irrep-

60 3111 155 3178 serat,
176 3097 342 3182 populique
365 3077 548 3160 contnrnelid
573 3091 720 3169 Rotnani,
749 3093 841 3176 quod,
865 3092 935 3154 clm
959 3091 1087 3156 nesciret
1108 3091 1142 3157 J.
1156 3087 1203 3157 F.

27 3253 41 3277 .
61 3206 252 3284 Gronovius,
283 3205 368 3293 quasi
402 3205 557 3289 antiquum
592 3216 623 3264 et
648 3198 841 3284 magnificum
870 3200 1059 3265 defendebat.
1101 3201 1192 3266 Adeo

61 3317 211 3382 falluntur
221 3317 293 3400 ipse
308 3315 492 3380 eruditorum
507 3335 603 3376 aures.

108 3426 291 3512 Ingentibus
307 3423 392 3490 bellis
404 3423 532 3488 laboret.
550 3466 554 3472 -
577 3419 690 3484 Mallet
702 3418 870 3498 Acidalius,
881 3419 1045 3486 laboraret.
1081 3421 1192 3487 lubrie

64 3560 176 3603 vocum
191 3534 383 3600 similitudine
398 3532 486 3597 facile
501 3553 598 3595 errare
613 3541 776 3615 potuerunt
789 3529 914 3594 librarii.

107 3765 199 3830 Car.
221 3772 273 3833 74·
320 3762 393 3826 Tres
406 3763 542 3826 incessas.
586 3760 775 3824 Emendabat
790 3755 904 3821 Illustr.
927 3755 1115 3838 Pellicerius,
1134 3768 1195 3822 tres

63 3897 198 3941 snsessrn.
244 3873 415 3956 Eleganter,
431 3873 455 3935 si
469 3896 529 3934 vox
548 3870 655 3935 Latina
674 3870 721 3932 sit.

109 3987 152 4050 In
182 3984 371 4070 Leptitanos.
416 3982 502 4044 Libri
523 3981 605 4059 editi,
631 3981 664 4043 in
688 3979 841 4063 Leptines,
867 4000 966 4041 errore
991 3979 1207 4062 librariorum,

66 4099 120 4184 qni
154 4093 285 4161 maxime
316 4097 346 4159 in
376 4094 487 4158 Tacito
516 4115 604 4155 voces
633 4091 776 4176 plurimas
814 4091 1054 4183 detruncarunt·
1098 4099 1223 4179 §men

65 4209 206 4289 dandum,
225 4207 414 4295 Leptitanos,
428 4227 516 4271 nemo
530 4226 591 4267 non
606 4203 695 4268 videt.
731 4200 828 4287 quue
835 4203 903 4288 jam
917 4197 1242 4337 monnewpqe’ms.
