3200 5509
159 506 298 572 1.Ο.19.
418 497 643 560 ANNALIUM
666 495 786 556 LIBER
806 496 1029 559 SECUNDUS.
1235 509 1292 571 147

158 651 350 753 manipulos
372 651 530 748 explicat,
555 650 644 724 colle
670 651 780 722 arduo
803 669 839 724 et
866 653 1011 752 derupto
1023 681 1036 746 3
1072 677 1152 726 nam
1180 673 1292 728 cetera

159 769 245 842 mari
277 767 470 865 cinguntur.
523 767 652 838 Contra
677 766 840 854 veterani,
867 767 1043 842 ordinibus
1070 792 1109 842 ac
1138 768 1292 842 subsidiis

156 880 333 957 instructi:
359 879 438 951 hinc
464 878 623 968 militum,
644 877 723 950 inde
749 879 906 954 locorum
935 882 1113 978 asperitas:
1139 883 1199 954 sed
1220 906 1290 954 non

159 995 306 1082 auinrus,
322 1015 392 1066 non
414 1017 505 1088 spes,
533 1015 577 1063 ne
593 991 659 1063 tela
683 992 821 1088 quidem
837 992 900 1064 nisi
915 996 1057 1092 agrestia
1072 996 1114 1067 ad
1136 995 1292 1069 subitum

163 1133 263 1182 usum
278 1121 465 1204 properata.
492 1107 545 1178 Ut
560 1130 684 1179 venere
699 1106 735 1176 in
751 1132 884 1195 manus,
899 1133 970 1180 non
986 1109 1075 1180 ultra
1090 1109 1293 1198 dubitatum,

162 1222 266 1320 quim
299 1221 383 1292 dum
417 1219 586 1292 Romanae
614 1219 771 1292 cohortes
802 1221 838 1292 in
870 1248 1009 1318 aequum
1040 1223 1292 1296 eniterenturz¹

158 1351 296 1406 uertunt
311 1353 408 1432 terga
424 1333 560 1422 Cilices,
573 1360 677 1432 seque
693 1337 829 1408 castello
846 1337 1017 1409 claudunt.

213 1564 468 1646 trulmanna
497 1562 575 1636 Piso
603 1564 758 1652 classem,
786 1563 878 1636 haud
906 1565 1027 1660 procul
1048 1563 1292 1662 opperientem,

158 1675 357 1773 adpugnare
386 1673 511 1750 frustra
538 1677 698 1750 tentavit:
725 1703 979 1776 regressusque,
1007 1696 1041 1751 et
1068 1704 1132 1776 pro
1164 1677 1293 1750 mauis'

159 1789 267 1861 modu
284 1806 391 1862 semet
406 1789 622 1880 adflictando,
638 1791 745 1864 modo
762 1791 914 1890 singulos
928 1792 1066 1864 nomine
1087 1792 1191 1880 ciens,
1206 1816 1292 1889 prae·

158 1901 234 1975 miis
261 1928 398 1994 vocans,
427 1905 624 1978 seditionem
650 1907 842 2003 coeptabat,
868 1907 1024 2003 adeoque
1049 1921 1292 1992 commoverat,

157 1999 199 2088 ut
225 2015 365 2115 signifer
394 2018 534 2117 legionis
561 2025 688 2095 sextae¹
722 2021 859 2120 signum
895 2023 938 2094 ad
966 2045 1047 2094 eum
1074 2020 1290 2092 transtulerit.

154 2131 253 2202 Tum
270 2132 405 2205 Sentius
422 2139 626 2208 “occanere
648 2159 776 2208 cornua
791 2137 970 2232 tubasque,
987 2151 1020 2208 et
1034 2135 1103 2231 peti
1118 2157 1292 2232 aggerem,

155 2249 183 2286 “
202 2243 287 2342 erigi
303 2245 432 2318 scalas”
446 2247 556 2344 jussit,
582 2255 608 2291 “
624 2273 662 2320 ac
692 2249 958 2346 promtissimum
982 2271 1154 2344 quemque
1179 2271 1293 2320 succe·

154 2363 185 2398 “
204 2355 307 2428 deret
334 2357 416 2430 alios
444 2360 619 2434 tormentis
648 2363 771 2450 hastas,
799 2386 893 2450 saxa,
921 2379 955 2433 et
983 2359 1074 2433 faces
1100 2359 1293 2460 ingerere.”
1384 2351 1391 2358 ’

154 2469 330 2557 Tandem,
346 2469 435 2543 victi
462 2472 657 2568 pertinacii,
684 2475 761 2547 Piso
779 2475 898 2563 orarit,
915 2482 940 2517 “
958 2474 1021 2563 utl,
1037 2474 1164 2548 traditis
1179 2473 1294 2560 annis,

155 2589 183 2626 “
203 2599 354 2656 maneret
370 2584 406 2656 in
422 2587 572 2676 castello,
590 2589 674 2660 dum
699 2592 827 2677 Caesar,
844 2589 899 2661 cui
915 2587 1047 2686 Syriam
1071 2587 1293 2684 permitteret,

155 2701 183 2738 “
203 2696 426 2770 consulitur.”
476 2699 560 2771 Non
576 2719 720 2798 receptae
737 2703 968 2803 conditiones:
985 2726 1048 2774 nec
1065 2701 1170 2791 aliud,
1186 2691 1292 2802 quim

155 2833 261 2883 naves
277 2826 311 2884 et
325 2827 437 2886 tutum
453 2811 489 2883 in
505 2815 640 2886 Urbem
655 2815 732 2906 iter,
748 2840 946 2890 concessum
963 2833 1023 2888 est.
1036 2905 1039 2912 Ι
1305 2813 1310 2828 '

211 3048 269 3109 82.
295 3041 357 3110 Ar
376 3038 520 3132 Roun,
546 3042 728 3138 postquam
756 3043 952 3116 Germanici
977 3044 1135 3116 valetudo
1159 3068 1292 3138 percre-

157 3150 248 3240 buit,
262 3168 465 3248 cunctaque,
481 3171 520 3226 ut
536 3180 581 3227 ex
600 3155 801 3254 longinquo,
818 3175 915 3230 aucta
937 3157 973 3230 in
989 3157 1135 3230 deterius
1162 3155 1308 3229 adsere:

157 3266 297 3352 bannir,
313 3265 426 3353 dolor,
441 3265 501 3338 ira.
551 3269 597 3339 Et
612 3273 835 3365 erumpebant
859 3287 1020 3366 questus:
1046 3277 1072 3311 “
1087 3271 1170 3342 Ideo
1194 3269 1291 3340 nimi-

157 3384 184 3420 “
202 3402 282 3452 rum
297 3377 513 3452 inextremas
525 3397 630 3452 terras
646 3382 856 3479 relegatum:
873 3383 951 3453 ideo
966 3381 1079 3456 Pisoni
1093 3382 1291 3479 permissam

157 3497 184 3534 ‘⁶
200 3490 431 3586 provinciam:
458 3494 523 3566 hoc
541 3495 647 3593 egisse
673 3514 820 3569 secretos
849 3499 1017 3594 Augustae
1033 3521 1114 3572 cum
1128 3497 1290 3572 Plancini

158 3611 184 3648 “
200 3629 397 3680 sermones:
436 3631 515 3682 vera
543 3631 681 3704 prorsus
707 3611 751 3682 de
779 3613 924 3684 Druso⁴
950 3611 1098 3687 seniores
1133 3612 1286 3689 locutos:

201 3831 266 3890 'Ia
276 3851 378 3908 murm
391 3835 570 3894 eniterentur.
592 3838 625 3896 ln
640 3838 699 3896 col·
753 3850 840 3898 sextu
867 3839 1017 3916 Aquiliser.
1068 3839 1185 3918 Optimb
1209 3844 1291 3900 vortit

160 3913 217 3970 lom
254 3912 431 3986 eniterentur,
463 3935 602 3992 aequoquo
635 3918 699 3976 loco
754 3919 947 3986 nasamone
967 3921 1173 4010 calcaneorum,
1186 3921 1292 4012 oleon'

161 4003 395 4130 puffndiinriiuris.
436 4072 468 4129 ld
491 4085 541 4144 est,
554 4075 570 4133 ὲ
583 4077 699 4133 summis
752 3999 1290 4154 gsszqqgelluuffffioq‘qesgccrcqlrtapgqtld'

161 4151 310 4220 moenibus,
326 4167 358 4208 ut
367 4153 442 4209 recti
452 4153 577 4228 explicat
589 4155 700 4212 Grono-
754 4155 798 4214 Cl.
814 4156 940 4227 Gordon,
953 4158 1009 4214 aad
1019 4159 1082 4216 tius
1094 4161 1171 4217 muci
1191 4161 1224 4218 le
1236 4161 1292 4218 lad

162 4247 235 4298 rius,
263 4240 430 4305 vertuntque
461 4233 561 4310 optimi
593 4233 699 4309 quique
754 4237 867 4310 already
892 4237 1014 4308 φᾶσά,
1038 4237 1100 4295 elac
1121 4239 1167 4296 tle
1188 4239 1292 4318 Engis-

162 4308 334 4382 interpretes.
368 4310 454 4368 Haud
468 4313 508 4367 ita
518 4313 700 4392 probabiliter
754 4316 850 4372 beorer
861 4315 898 4392 of
909 4315 955 4373 tle
966 4315 1038 4373 sisti
1058 4318 1148 4394 legion
1168 4319 1292 4377 retolted

164 4387 368 4446 Freinshemius
377 4405 540 4467 progr-carra
555 4401 632 4450 extro
644 4413 700 4450 mu·
754 4401 782 4450 to
796 4393 850 4449 lim
863 4393 928 4452 aiil
941 4395 983 4453 lis
995 4395 1093 4474 Eogle.

164 4485 221 4523 ros.
793 4469 985 4540 ‘DeDruro
1025 4476 1072 4532 De
1094 4476 1198 4544 Druso,
1219 4476 1290 4536 Gor·

204 4541 481 4624 'Signifer-legionis
491 4558 582 4608 serta.
619 4549 699 4607 Unus
755 4552 859 4609 manici
878 4563 967 4627 patre,
991 4555 1076 4628 cujus
1094 4575 1194 4631 magau
1218 4556 1292 4630 oprrd

165 4624 339 4700 balgrriseris,
358 4645 412 4684 nou
425 4629 489 4686 verd
509 4628 567 4708 ipse
584 4629 697 4708 legipuis
750 4633 882 4708 populum
894 4629 1044 4690 monum
1065 4636 1212 4703 memmio,-
1233 4655 1292 4695 crc-
