3200 5509
371 1222 378 1229 ’
468 1272 1066 1381 austrasium

365 1746 379 1778 ο
529 1676 685 1739 LIBRI
729 1676 980 1739 SECUNDI.
1067 1694 1068 1701 ¹

201 2306 239 2379 1.
269 2236 471 2384 Morus
493 2301 621 2410 aliqui
640 2301 685 2385 in
703 2298 884 2387 Oriente.
940 2296 987 2385 3.'
1003 2300 1210 2399 Vonones,
1230 2302 1326 2385 Par·
1407 2420 1412 2433 .

198 2432 361 2517 thorum
380 2464 466 2535 rex,
496 2437 597 2521 solio
620 2436 675 2521 ab
693 2436 906 2523 Artabano
922 2436 1077 2548 pulsus,
1096 2446 1141 2521 et
1167 2437 1222 2521 ad
1251 2438 1327 2521 Ar·

195 2570 352 2653 meaios
371 2572 581 2683 profugus,
600 2574 655 2657 ab
671 2572 734 2659 his
753 2572 796 2658 in
811 2600 981 2683 regnum
1000 2573 1218 2683 accipitur:
1240 2600 1325 2687 qno

195 2730 295 2789 mox
325 2705 567 2796 demovetur
594 2708 650 2793 ob
679 2726 838 2791 metum
867 2718 911 2793 et
943 2706 1145 2793 Artabani
1180 2710 1325 2795 minas.

196 2847 238 2925 5.
265 2838 451 2937 'liberius
469 2844 606 2955 specie
634 2845 739 2929 moti
766 2840 959 2942 Orientis,
978 2842 1274 2935 Germanicum
1301 2844 1328 2931 d

197 2973 457 3063 Gennanicis
486 2978 715 3091 legionibus
734 2979 945 3065 abstrahit.
1002 2976 1128 3065 Paret
1154 2980 1235 3077 ille,
1254 2980 1326 3069 sed

194 3108 320 3197 lento.
377 3112 645 3205 Germaniam
674 3117 785 3207 enirn
807 3114 1043 3227 ingreditur.
1100 3114 1326 3203 Chemsoos

197 3258 241 3332 et
258 3248 493 3336 Arminium
509 3278 662 3365 magno
681 3251 822 3363 prelio
839 3252 980 3341 vincit.
1029 3250 1135 3337 Mox
1157 3250 1330 3337 adversa
1362 3361 1364 3369 y

197 3386 319 3471 maris
351 3400 559 3498 expertus,
592 3415 687 3499 quae
721 3391 918 3501 prospera
939 3390 983 3473 in
1014 3384 1176 3473 Marsos
1203 3414 1327 3499 expe·

197 3521 354 3607 ditione
385 3526 586 3634 pensavit.
651 3534 719 3620 27.
750 3522 858 3611 Libo
888 3522 1049 3612 Drusus
1084 3550 1218 3611 renim
1255 3552 1329 3609 no·

197 3682 342 3775 uarum
379 3672 609 3748 accusatus.
665 3660 825 3777 spreta
865 3658 930 3747 Μ.
971 3656 1133 3745 Hortnli
1172 3684 1325 3773 proces.

197 3798 267 3893 89.
291 3788 495 3893 Clemens,
513 3795 712 3885 ementito
728 3790 918 3886 Postumi
931 3796 1129 3907 Agrippa
1147 3794 1326 3893 nomine,

198 3926 351 4013 ttnbat.
408 3926 589 4017 Sallustii
617 3928 752 4043 Crispi
772 3932 928 4019 artibus
961 3932 1136 4041 cupitur,
1168 3941 1213 4015 et
1244 3926 1328 4015 lta

197 4090 310 4151 mam
329 4064 582 4175 perducitur,
609 4076 678 4156 41.
698 4066 970 4157 Germanicus
984 4062 1038 4155 de
1056 4060 1203 4164 Cattis,
1223 4060 1328 4153 Cha

198 4203 340 4301 ruscis,
369 4202 543 4315 aliisque
576 4206 812 4298 nationibus
844 4229 977 4317 usque
1009 4200 1064 4289 ad
1090 4200 1231 4289 Albim
1259 4201 1329 4287 tri·

200 4336 388 4449 umpbat.
443 4348 513 4429 m.
542 4338 782 4443 Archelaus,
803 4338 1104 4455 Cappadocum
1127 4364 1213 4438 rex,
1231 4335 1347 4423 dolo

196 4474 241 4561 in
272 4476 419 4561 urbem
447 4480 618 4581 accitus,
654 4490 698 4568 et
726 4476 894 4590 indigne
933 4476 1110 4573 habitus,
1145 4473 1326 4561 moritur.
