3200 5509
311 518 353 583 72
669 514 705 573 C.
725 512 922 573 CORNELII
942 510 1078 571 TACl'l'l
1150 514 1154 521 '
1232 512 1274 569 A.
1288 510 1328 569 U.
1340 511 1376 569 C.
1389 507 1453 577 768.

315 670 565 767 objectaretque
575 691 658 739 reo:
684 690 766 739 nam
780 667 860 763 quia
874 690 954 738 vera
969 662 1077 754 erint,
1094 664 1197 739 etiarn
1223 656 1325 737 dic'ta
1344 667 1452 739 crede
1547 688 1548 745 ι

315 786 450 859 bantur.
499 781 643 863 Addidit
657 782 780 877 Hispo,
808 788 833 823 “
850 798 993 854 statuam
1022 780 1178 853 Marcelli
1209 778 1451 875 utnusquam
1547 776 1548 783 '

318 900 496 971 Caesarum
516 896 634 968 sitam:
661 912 695 967 et
721 894 787 967 alit
813 895 849 966 in
877 892 999 983 statui,
1027 910 1203 991 amputato
1233 888 1368 989 capite¹
1386 898 1453 967 Au·
1547 888 1548 893 ’

316 1011 421 1108 gusti,
436 1010 582 1108 effigiem
597 1011 725 1083 Tiberii
749 1011 938 1083 inditam:”
964 1010 1008 1081 ad
1024 1010 1125 1105 quod·
1139 1008 1273 1083 exarsit
1297 1004 1399 1096 adeo,
1420 1022 1453 1079 ut
1547 1042 1548 1089 ι

317 1122 419 1219 rupti
434 1124 656 1197 taciturnitate
671 1125 907 1219 proclamaret,
924 1131 998 1197 “se
1014 1146 1152 1219 quoque
1167 1124 1205 1198 in
1222 1120 1269 1195 ed
1290 1120 1394 1197 causa
1413 1122 1452 1193 la-

319 1247 479 1311 “turum
493 1238 692 1311 seutentiam
708 1239 819 1334 palam
835 1255 869 1311 et
881 1238 1071 1336 juratum?
1084 1242 1096 1271 ²
1108 1260 1179 1333 quo
1196 1235 1325 1310 ceteris
1340 1236 1452 1309 cadem

317 1354 497 1427 necessitas
522 1355 628 1425 fieret.
678 1356 864 1426 Manebant
888 1353 990 1425 etiam
1014 1370 1089 1425 tum
1114 1351 1261 1450 vestigia
1286 1348 1453 1423 morientis

319 1468 489 1542 libertatis
522 1468 629 1565 igitur
646 1471 712 1541 Cn.
728 1469 820 1556 Piso,
837 1476 863 1511 ‘⁶
882 1470 1001 1563 Quo,'·’
1015 1466 1137 1564 iuquit,
1154 1474 1179 1509 “
1197 1467 1282 1539 loco
1294 1464 1451 1549 cernebis,

320 1589 347 1625 “
364 1581 504 1655 Caesar?
528 1582 714 1678 sipfimus,
739 1584 873 1657 habebo
890 1585 983 1679 quod
1007 1606 1150 1679 sequar:
1176 1580 1205 1654 si
1228 1596 1313 1676 post
1327 1600 1450 1663 omues,
1547 1576 1548 1593 ¹

319 1704 345 1738 “
362 1720 483 1769 vereor
497 1720 541 1768 ne
557 1695 754 1792 imprudens
770 1697 961 1771 dissentiam
974 1699 1010 1768 :”
1036 1711 1213 1791 pmmonn
1230 1693 1300 1781 bis,
1318 1707 1450 1789 quanto-

319 1820 388 1907 que
402 1808 572 1883 incautius
593 1810 809 1899 efferbuerat,
834 1808 1032 1907 poenitendi
1058 1809 1211 1905 patiens,³
1230 1808 1312 1881 tulit
1331 1804 1449 1879 absolvi

319 1949 419 1998 reum
434 1924 629 1997 criudnibus
655 1926 854 2023 majestatis:
882 1928 925 1997 de
942 1924 1091 2027 pecuniis
1112 1924 1335 2027 repetundis,
1345 1921 1389 1992 ad
1403 1942 1449 1991 re-

322 2039 548 2133 ciperatores⁴
562 2037 648 2114 itum
659 2056 721 2114 est.

371 2276 429 2346 75.
454 2258 539 2341 Nec
572 2292 738 2341 enruun
772 2266 1020 2366 cognitionibus
1051 2265 1198 2354 satiatus,
1230 2263 1368 2364 judiciis
1397 2264 1447 2335 ad·

320 2382 450 2455 uidebat
468 2383 505 2455 in
523 2408 632 2457 comu
646 2384 834 2471 tribunalis,
859 2408 902 2456 ne
919 2400 1101 2479 praetorem
1117 2379 1229 2454 cumli
1246 2380 1445 2477 depelleret:

320 2482 495 2592 multaque
519 2521 561 2567 eo
585 2521 714 2583 coram,
738 2497 903 2571 adversus
928 2493 1094 2569 ambitum
1112 2512 1146 2568 et
1170 2494 1365 2591 potentium
1380 2488 1452 2588 pre?

316 2635 378 2683 ces
409 2608 609 2686 constituta:
637 2610 697 2681 sed
721 2610 806 2686 dum
834 2610 961 2685 veritati
995 2610 1193 2697 consulitur,
1218 2609 1357 2683 libertas
1374 2604 1447 2677 'cor-

321 2724 572 2818 rumpebatur.⁵
621 2726 713 2795 luter
740 2750 818 2822 quae
843 2726 924 2799 Pius
949 2724 1123 2811 Aurelius,
1149 2740 1300 2811 satiator,
1317 2736 1446 2818 questus

323 2843 348 2879 ‘⁴
365 2836 457 2909 mole
471 2835 617 2931 publicae
642 2834 738 2927 viae,⁶
762 2840 938 2935 ductuque
963 2862 1141 2935 aquarum,
1154 2828 1349 2911 'labefactas
1364 2833 1446 2911 aedet

366 3056 543 3135 ¹Anrputeto
556 3062 656 3137 cupite.
695 3063 861 3121 statuarum
965 3062 1114 3125 ⁵Lidcrtas
1127 3066 1363 3139 corrumpebatur.
1395 3059 1445 3115 Vc·

325 3138 421 3217 cdpitu
433 3138 586 3215 aliquandi)
599 3146 797 3216 permutabunt
808 3144 862 3200 Ro·
918 3142 993 3201 rituti
1012 3144 1125 3219 quidem
1140 3144 1274 3205 'liberius
1290 3140 1444 3201 consulebat

326 3219 413 3288 mani,
427 3230 494 3275 teste
509 3220 611 3288 Plinio,
625 3238 728 3279 xxxv.
744 3229 771 3280 2.
806 3224 859 3279 Sed
918 3218 1072 3299 praesentiit,
1104 3224 1151 3279 sed
1192 3223 1351 3280 libertatem
1390 3234 1445 3275 cor-

325 3299 397 3367 luee,
417 3298 532 3374 aliaque
542 3300 666 3375 plurima
680 3301 791 3361 crimini
801 3323 862 3361 νοτ·
918 3304 1068 3378 rumpebat
1081 3304 1224 3377 majestate
1243 3314 1273 3361 ct
1290 3294 1442 3359 reverentii.

326 3380 467 3449 tubantur,
481 3378 612 3455 Principe
624 3379 747 3438 Tiberin.
782 3384 861 3441 Suet.
920 3382 1023 3441 Putidd
1051 3381 1187 3453 Velleius,
1212 3400 1249 3443 11.
1275 3387 1339 3449 129.
1384 3376 1444 3435 Cum

326 3457 434 3516 inTib.
449 3474 542 3514 euru.
920 3458 1023 3537 quintini
1048 3462 1200 3537 grauitate,
1229 3470 1262 3518 ut
1290 3458 1443 3517 senatore!

367 3533 381 3559 ²
394 3536 435 3591 Er
439 3540 580 3611 juratum.
621 3537 653 3593 In
673 3540 804 3613 gravibus
814 3541 862 3616 ju-
909 3542 1010 3616 juder,
1033 3560 1085 3598 nun
1103 3548 1134 3597 ιιι
1155 3542 1290 3618 Princeps
1308 3547 1335 3596 ιι
1356 3550 1442 3596 cautus

328 3615 411 3677 diciis
432 3616 530 3688 jurare
552 3616 626 3672 soliti
645 3629 725 3673 erant
740 3619 863 3693 judices.
915 3620 1144 3695 pressidseudit!
1409 3654 1413 3674 ι

328 3695 398 3752 lude
419 3694 494 3751 Pliu.
516 3712 639 3752 xxxin.
653 3700 701 3752 34.
725 3696 778 3753 Vir
793 3700 864 3774 opti·
959 3693 971 3725 ⁶
984 3698 1063 3757 Mete
1072 3700 1186 3776 publicu
1200 3701 1258 3758 oie.
1301 3700 1347 3757 ub
1360 3696 1443 3770 ingen·

327 3793 386 3832 nnrs
398 3774 479 3830 semel
491 3772 509 3831 ιὶ
522 3775 631 3832 condito
650 3776 865 3850 conjudicatus
921 3780 994 3835 tibus
1020 3778 1075 3835 illis
1101 3778 1237 3849 silicibus,
1259 3778 1363 3855 quibus
1389 3790 1443 3830 tum

327 3862 369 3911 est
381 3851 475 3928 Scipio
488 3853 595 3910 Nasica
609 3855 734 3931 djuruto
745 3866 851 3913 senatu.
920 3857 970 3913 uie
995 3876 1089 3914 ontnes
1111 3858 1236 3935 publicas
1257 3862 1443 3916 sternerentur,

367 3926 380 3961 ³
396 3931 561 3991 Paeur'tentici
569 3935 686 4008 peticus.
709 3934 746 3990 Et
758 3936 865 4010 paticus
918 3938 998 3994 istam
1013 3938 1114 3995 molem
1126 3936 1442 4014 fuisseputntilluretus·

327 4008 499 4087 penitendi,
525 4012 601 4085 qudd
621 4012 763 4069 incautius
789 4016 866 4071 cti'er-
920 4017 979 4073 Alii
993 4036 1042 4093 per
1061 4019 1360 4093 reparationemutquc
1372 4026 1443 4086 egge·

329 4093 438 4147 bucrut.
478 4091 553 4147 Vide
576 4101 634 4148 not.
656 4103 684 4147 et
707 4096 863 4151 emended
919 4096 1054 4152 rationem
1076 4096 1126 4152 viae
1140 4097 1254 4154 domum
1277 4097 1356 4153 istam
1376 4092 1441 4148 iube·

328 4174 455 4243 cup-74·
509 4246 515 4258 Ι
919 4175 1143 4253 tactamputunt.
1177 4169 1450 4233 Freinshemioslitrr·

368 4244 444 4304 “Ad
457 4255 664 4322 recuperatores.
704 4252 864 4329 Recupera-
918 4254 1068 4327 uisum,ob
1084 4253 1179 4312 locum
1195 4256 1291 4326 Plinii,
1308 4250 1442 4310 xxxvtr.

328 4338 411 4396 tons,
428 4326 541 4401 judices
552 4340 640 4398 crunt,
661 4331 710 4404 qni
732 4332 863 4389 derebus
919 4334 968 4390 ubi
980 4334 1014 4391 de
1025 4334 1165 4392 columnis
1173 4324 1441 4411 marmoreisinntu'u¹

328 4407 443 4482 privatis
467 4405 632 4481 recipiendis
660 4409 862 4489 reddendisque
919 4414 1020 4469 Scauri
1041 4413 1196 4472 collocatis.
1237 4410 1373 4472 Sutisdari
1395 4404 1439 4463 sin

326 4486 541 4561 cognoscebant,
553 4484 634 4544 itaut
645 4490 764 4564 quisque
777 4509 862 4548 sunm
917 4492 1009 4549 domni
1027 4494 1124 4571 iryccti
1149 4495 1206 4571 egit
1225 4496 1358 4551 redemtor
1377 4486 1439 4545 clou-

327 4578 515 4703 recQuperaret.
544 4566 674 4642 Sigonius
685 4568 862 4645 deJudiciis,
917 4591 1019 4641 cunrrn,
1039 4574 1099 4631 curn
1124 4574 1151 4632 ιἰι
1173 4574 1306 4653 palatium
1329 4564 1439 4628 esti-alc·

328 4662 351 4703 1.
385 4656 412 4702 ‘.
473 4688 476 4693 -
917 4660 1022 4710 rentur.
