3200 5509
234 211 237 218 ’
323 213 381 271 AD
402 210 478 270 ΗΒ.
498 209 554 270 Vl.
574 211 674 270 ANN.
695 211 731 271 C.
751 211 874 274 CORN.
894 211 1039 275 'l'llCl'l'L
1186 220 1245 286 529

6 312 12 324 ·
107 361 305 429 Manbamus
326 361 357 425 in
383 361 509 426 Canone
530 362 659 447 AEgypt.
683 373 757 449 p.9
779 377 811 428 et
826 373 901 438 295.
945 363 1124 430 Phoenicem
1146 363 1244 430 adbuc

105 472 286 538 vivaciorem
312 472 403 537 tradit
417 463 591 558 AEgyptiua
618 471 798 540 Chaeremon
823 477 905 561 apud
925 475 1084 554 Taetzcm,
1108 463 1241 541 Chilied.

104 604 138 646 ν.
152 591 225 657 395.

271 753 325 826 Ὡς
339 750 363 814 δ’
378 754 391 812 ὅ
405 747 558 835 Αἰγύπτιος
573 752 815 838 ἱερογραμματεὺς
828 752 980 841 Χαιρήμων

149 917 151 921 ,
265 865 389 952 *marte
403 870 430 929 ia
444 864 597 951 διδάγμᾳσι
613 873 667 930 τῶν
680 873 755 955 lcpda
769 870 960 956 γραμμάτων,

155 1021 160 1032 -
263 985 304 1047 '0
320 985 414 1061 Φοῖνιξ
426 981 459 1060 ἓξ
470 985 527 1056 τοῖς
541 981 615 1046 icccc
630 983 678 1045 καὶ
693 985 919 1072 ἑιτακισχιλῖοις
954 1037 957 1043 .

271 1100 399 1180 Θνήσκει,
411 1100 629 1187 παραγενόμενος
641 1104 668 1163 iu
680 1100 772 1176 τόποις
785 1108 842 1180 τοῖς
853 1105 1007 1191 Αἲγῦπου.

274 1272 294 1300 “
314 1267 355 1327 Ut
367 1275 460 1326 autem
475 1267 623 1347 AEgyptius
636 1288 716 1331 sacer
729 1270 820 1330 scriba
833 1271 1002 1331 Chaeremon

273 1385 293 1412 ‘⁴
313 1377 444 1437 Ostendit
457 1377 485 1435 in
499 1357 653 1456 disciplinis
666 1391 808 1440 sacrarum
823 1380 976 1450 literarmu,

90 1570 93 1573 ,
272 1497 293 1524 “
314 1491 432 1550 Phoenix
446 1511 494 1549 sex
508 1492 585 1550 aunis
599 1501 628 1551 et
642 1502 749 1572 septem
763 1493 887 1554 millibus

95 1602 96 1606 ’
275 1608 295 1636 “
315 1601 448 1673 Moritur,
463 1603 529 1662 crim
543 1602 627 1663 luerit
641 1604 749 1665 iulocis
762 1606 903 1687 AEgypris'

91 1800 94 1803 ·
137 1774 320 1865 Prioreaque
342 1777 430 1844 alites
453 1776 616 1846 tentem
631 1782 778 1868 primdm.
824 1777 978 1864 Conupte
996 1777 1027 1842 iu
1048 1773 1126 1840 MS.
1142 1773 1224 1839 Flor.

85 1882 373 1974 priorecqaeeliter
393 1912 469 1954 esse:
493 1889 599 1955 Sosicle
615 1891 760 1979 primaint.
805 1890 854 1957 Ita
875 1910 997 1978 quoque
1012 1885 1181 1950 Beroaldus
1194 1895 1226 1948 et

91 2008 214 2061 veteres.
232 2041 237 2049 ι
257 1995 388 2063 Merito·
403 1998 548 2064 Muretus
570 2023 606 2065 ac
628 2002 810 2066 recentiores
832 1999 1039 2076 emendarunt,
1048 1996 1224 2082 prioresque

90 2107 177 2172 alites
192 2107 358 2173 Sesostride
366 2109 513 2195 primalm.
536 2170 541 2178 ,
557 2109 646 2175 Mare
662 2124 756 2177 tentat
766 2111 787 2177 J
790 2134 837 2176 ac.
854 2107 1041 2186 Gronovius,
1056 2103 1201 2169 Sesoside.

131 2214 210 2281 Poe
225 2216 381 2281 Amaside.
425 2217 474 2284 lta
486 2219 557 2284 libri
568 2242 684 2285 omnes.
728 2220 853 2285 Frustra
866 2231 961 2284 tentat
970 2216 1022 2280 Cl.
1034 2213 1221 2290 Perizonius,

88 2326 200 2414 Anyti,
214 2325 262 2391 vel
277 2327 423 2416 Anyride.

130 2435 203 2501 Suis
215 2438 248 2502 in
262 2439 359 2502 terr-is.
376 2436 378 2440 ’
403 2438 557 2503 Emendat
569 2438 724 2521 Heinsius,
738 2439 867 2510 turmalis
882 2438 898 2504 ὲ
912 2437 1019 2521 lituris,
1033 2434 1081 2501 rel
1093 2432 1220 2500 serrculr'r

85 2544 208 2610 tlrureis.
242 2547 323 2612 Satis
336 2546 507 2632 ingeniose:
530 2550 583 2613 aed
597 2547 722 2615 minime
737 2548 945 2634 probabiliter.
991 2546 1108 2612 Srsisin
1121 2545 1219 2624 terris,

84 2657 193 2738 idest,
217 2657 252 2722 in
277 2658 420 2724 Acelum
444 2659 543 2724 terris.
586 2659 770 2725 Fabulosam
805 2659 960 2725 Phoenicis
995 2655 1217 2744 generationem

84 2767 165 2832 siluit
176 2766 316 2842 Tacitus,
330 2767 517 2850 generalibus
528 2791 564 2833 ac
576 2771 789 2834 communibus
806 2769 924 2854 placitis
937 2780 1106 2843 contentus,
1120 2763 1217 2843 illum,

81 2888 194 2943 cruere
207 2876 322 2956 nidum,
333 2877 419 2963 eique
428 2877 489 2941 uim
502 2876 666 2963 genitalem
681 2877 860 2964 acly‘andere,
876 2900 912 2941 ec
925 2875 987 2964 qud
993 2875 1111 2963 sctum
1128 2871 1216 2936 oriri.

83 2985 202 3051 Plinius
215 2986 297 3064 verb,
323 2985 539 3050 miraculorum
561 2986 675 3064 avidus,
698 2983 765 3050 fuse
779 2997 889 3064 narrat,
914 3009 949 3050 x.
968 2995 1000 3051 2.
1024 2982 1214 3062 Phoenicem,

80 3103 319 3161 “senescentem
340 3095 429 3159 casiae
450 3094 605 3180 thurisque
624 3095 750 3160 surculis
772 3107 944 3160 construere
961 3094 1076 3173 nidum,
1097 3090 1214 3176 replere
1263 3175 1269 3186 ·

80 3206 234 3284 odoribus,
249 3220 280 3270 et
290 3204 495 3289 superemori.
540 3204 590 3267 Ex
604 3204 723 3268 ossibus
736 3204 843 3269 deinde
856 3219 888 3269 et
901 3203 1039 3278 medullis
1052 3205 1118 3289 ejus
1130 3199 1213 3266 nasci

78 3315 178 3404 primi
204 3337 261 3380 ceu
290 3312 506 3378 vermiculum:
540 3312 608 3377 iude
635 3313 700 3379 fieri
725 3313 862 3399 pullum:
896 3313 1107 3399 principioque
1125 3311 1213 3396 juata

78 3430 182 3493 muers
195 3424 289 3510 priori
302 3425 435 3502 reddere,
450 3434 480 3485 et
498 3434 595 3488 totum
610 3424 729 3489 deterre
745 3425 855 3501 nidum
865 3445 963 3508 prope
980 3420 1163 3514 Panchaiam
1177 3419 1210 3487 iu

78 3536 160 3602 Solis
174 3538 290 3613 urbem,
305 3547 337 3598 et
357 3533 388 3597 in
402 3533 454 3598 ard
469 3531 512 3597 ibi
530 3532 708 3617 deponere.”
752 3531 829 3598 Non
850 3533 956 3612 verius,
970 3533 1023 3596 sed
1043 3529 1209 3614 elegantiis

77 3646 175 3723 Mela,
191 3665 247 3709 111.
261 3655 294 3718 9.
316 3652 338 3683 “
350 3643 402 3708 Dc
412 3642 582 3708 volucribus
597 3641 750 3727 precipue
765 3644 921 3708 referenda
932 3641 1075 3719 Pboenix,
1086 3663 1208 3726 semper

76 3757 171 3822 unice
216 3754 293 3820 Non
316 3754 397 3820 enirn
422 3753 504 3817 coitu
527 3753 707 3838 concipitur,
729 3766 855 3839 partuve
875 3764 1051 3839 generatur:
1075 3753 1129 3815 sed
1153 3750 1208 3821 ubi

76 3867 304 3971 quingentorum
326 3886 473 3930 annorum
495 3886 558 3927 aevo
577 3876 724 3948 perpetua
739 3862 867 3953 durarit,
888 3886 978 3948 super
997 3871 1224 3962 exaggeratam

75 3977 162 4042 variis
175 3966 318 4051 odoribus
332 3988 445 4040 struem
458 3969 594 4062 sibiipsa
608 3973 730 4040 incubat
730 3971 953 4069 ,solviturquez
970 3972 1087 4050 deinde
1101 3972 1231 4059 putres·

75 4073 205 4152 centium
217 4089 423 4151 membrorum
435 4087 505 4150 tabe
516 4107 711 4149 concrescens
711 4085 803 4168 ,ipsa
817 4106 849 4148 se
864 4083 1027 4205 concipis
1037 4097 1182 4179 „copim
1193 4094 1228 4134 κ

74 4220 173 4301 rursus
200 4197 387 4286 renascitur·
414 4195 496 4286 clm
513 4191 670 4311 adolevin
683 4198 751 4261 casa
778 4192 896 4286 pristini
923 4161 1145 4347 corifi„
1127 4159 1242 4281 tuclus
1255 4267 1260 4285 R

200 4352 330 4398 vomu
465 4331 468 4335 ’
1042 4345 1159 4442 ‚pb
