3200 5509
324 533 386 599 426
621 532 745 595 NOTAE
766 530 818 591 ΕΤ
838 532 1162 595 ΕΜΕΝΒΑΤΙΟΝΕΒ

371 749 460 815 Car.
478 740 553 813 fils,
575 744 787 835 Disjectasque
805 748 893 814 inter.
937 748 1025 814 Male
1049 762 1142 815 tentat
1173 749 1330 831 Ernestuq
1352 750 1440 819 deser·

327 871 432 947 tesqua
467 859 583 923 interm
596 892 625 912 ··
639 880 792 923 nereum.
847 856 923 922 Non
952 858 1052 944 inepte
1081 859 1167 923 vertit
1193 858 1322 925 Amelot
1351 862 1443 927 dela
1559 894 1560 937 3

324 968 488 1047 Houssaic,
511 968 616 1054 parmi
646 966 696 1031 der
730 966 825 1032 rables
858 980 1015 1031 mouvauts
1042 990 1170 1055 presque
1207 970 1439 1055 impenitrablcs.
1559 1002 1560 1049 ς

326 1078 444 1144 Melius
459 1078 599 1155 Gomon,
613 1088 751 1164 amongst
766 1075 881 1164 rollirrg
901 1076 966 1141 and
985 1076 1095 1142 almost
1116 1078 1295 1163 impassable
1308 1078 1450 1167 maauqf
1559 1102 1560 1111 ³

325 1188 414 1256 rand.
456 1178 595 1272 Murpby
608 1210 739 1271 quoque,
761 1186 905 1251 amidsta
927 1184 1071 1275 masteqf
1085 1188 1175 1251 sends
1196 1187 1305 1253 almost
1325 1189 1445 1275 impass-
1559 1188 1560 1255 j

326 1297 406 1362 able.
450 1297 501 1362 Ad
525 1298 657 1379 augenda
675 1294 828 1373 miracula,
849 1295 1000 1359 montibus
1021 1296 1117 1361 saxeis
1139 1320 1173 1361 ac
1196 1296 1358 1377 sterilibus,
1375 1298 1445 1363 inter
1559 1294 1560 1351 ἶ

326 1408 463 1493 disjectas
487 1406 596 1490 vixque
614 1405 730 1489 pervias
753 1426 865 1483 arenas,
889 1403 1037 1489 lapidibus
1052 1405 1234 1491 AEthiopicis
1255 1420 1287 1471 ct
1311 1408 1445 1475 Arabicis

325 1516 492 1601 pyramides
506 1527 713 1578 exstruxerunt
727 1536 821 1597 reges,
840 1512 940 1577 otiosis
953 1525 984 1578 et
997 1512 1089 1578 stulti
1102 1516 1236 1597 pecuniae
1251 1516 1445 1583 ostentatione

325 1625 458 1711 superbi.
501 1623 603 1697 Quum
617 1624 666 1689 blc
680 1624 807 1689 mobiles
821 1624 879 1689 sint
895 1646 991 1689 arenae
1005 1637 1121 1689 constat
1139 1648 1176 1689 ex
1196 1624 1343 1689 natorum
1357 1650 1445 1712 expe-

326 1735 444 1813 rientid,
459 1734 590 1820 ipsisque
602 1734 815 1819 pyramidibus,
830 1756 896 1821 que
909 1734 989 1797 baud
1001 1734 1109 1817 exigui
1122 1734 1168 1799 sui
1181 1748 1266 1819 parte
1282 1738 1340 1799 sub
1353 1736 1446 1801 arenis

249 1836 254 1844 ’
325 1844 509 1907 delitescunt

369 1952 468 2043 Alibi
482 1954 638 2040 augustia.
682 1951 765 2024 Quid
778 1964 876 2045 essent
897 1950 955 2016 illae
968 1950 1110 2036 angustias
1123 1950 1224 2015 Taciti
1238 1951 1446 2037 interpretibus

325 2061 466 2125 hactenus
481 2060 709 2146 incompertum.
742 2060 805 2125 Eas
817 2060 962 2148 Σύριγγας
973 2059 1106 2145 appellat
1120 2058 1292 2138 Pausanias,
1310 2083 1333 2125 1.
1348 2086 1381 2147 p.
1394 2072 1446 2132 78.

325 2171 356 2235 in
374 2170 469 2236 Attio.
484 2183 514 2235 et
533 2172 670 2235 accurate
684 2169 825 2234 describit
846 2168 1025 2233 Ammianus
1040 2166 1249 2246 Marcellinus,
1275 2192 1372 2234 xxii.
1399 2158 1446 2235 i5.

327 2279 407 2357 Sunt
419 2290 451 2343 et
465 2279 608 2368 Syringa
620 2278 812 2345 subterranei
825 2277 949 2365 quidam
964 2289 993 2341 et
1000 2277 1135 2360 flexuosi
1152 2300 1286 2355 secessus,
1308 2302 1390 2365 quos,
1413 2291 1448 2343 ut

313 2388 433 2477 fertur,
442 2390 537 2474 periti
550 2390 664 2453 rituum
678 2376 859 2452 narratorum
873 2386 1038 2451 aduentare
1052 2386 1200 2450 diluvium
1208 2389 1339 2471 prescii,
1354 2376 1447 2452 metu·-

324 2512 459 2585 entesque
473 2521 510 2561 ne
524 2496 762 2562 cemrnoniarum
776 2495 990 2560 obliteraretur
1010 2496 1162 2574 anemoria,
1180 2496 1300 2580 penitus
1322 2498 1449 2583 operosas

324 2608 453 2695 digestos
463 2604 587 2695 fodinis
602 2606 660 2691 per
674 2606 740 2669 lora
754 2606 872 2669 diversa
894 2615 1085 2669 struxerunt:
1107 2618 1135 2668 et
1156 2604 1260 2668 excisis
1275 2607 1449 2689 parietibus

323 2716 478 2780 volucrum
495 2714 699 2803 ferarumque
724 2736 836 2802 genera
864 2712 961 2778 multa
988 2712 1181 2799 seulpmruut,
1209 2724 1240 2777 et
1267 2716 1447 2781 animalium

323 2824 433 2911 species
448 2824 631 2902 innumeras,
649 2848 724 2912 quas
744 2822 990 2909 hierographicas
1006 2821 1112 2885 literas
1127 2822 1330 2908 appelldrunt.
1374 2823 1446 2890 Inde

326 2927 512 2997 Heliodorus
529 2932 696 3017 AEthiopic,
713 2953 753 2997 11.
767 2956 799 3017 p.
820 2940 889 2997 108.
902 2930 962 2995 ait:
983 2928 1244 3017 intemporaliter
1263 2938 1445 3014 κατασκευὴν,

323 3039 413 3129 ἕτερος
423 3041 569 3127 συρίγγων
582 3040 687 3119 πλάνην
701 3040 867 3118 ἐπυνθάνετο,
881 3038 961 3104 alter
971 3038 1007 3103 de
1013 3038 1209 3127 pyramidum
1219 3042 1445 3121 construetione,

324 3150 405 3216 alter
429 3152 466 3215 de
493 3151 702 3239 angustiarum
729 3148 920 3235 arffractibus
947 3148 1167 3235 interrogabat.
1207 3150 1364 3235 Augrrstiae
1389 3150 1445 3217 illa

324 3272 408 3323 eraut
430 3272 552 3343 propter
572 3258 706 3338 'llrebaq
718 3248 807 3323 ⁸trans
831 3256 958 3337 Nilum;
979 3278 1034 3320 nec
1049 3254 1139 3339 longi
1155 3258 1257 3322 aberat
1273 3256 1444 3323 Memnonis

325 3382 433 3446 statua,
456 3381 531 3433 teste
545 3367 707 3446 Pausanid,
728 3366 788 3431 loc.
803 3367 854 3431 cit.
897 3366 974 3430 Vide
988 3366 1085 3429 adbuc
1101 3365 1283 3449 Dionysium
1299 3362 1443 3451 Perieget.

325 3502 355 3541 r.
369 3486 443 3549 259.
456 3488 487 3540 et
500 3477 692 3561 interpretem
706 3475 910 3540 Eustatbium.

335 3575 337 3582 ¹
371 3584 477 3649 Nullis
504 3584 722 3670 inquirentium
749 3584 866 3670 spatiis.
909 3584 1032 3649 Frustra
1065 3596 1158 3649 tentat
1185 3583 1341 3665 Heinsius,
1370 3585 1445 3651 malli

325 3693 541 3781 inquirentium
553 3693 629 3757 satir
634 3692 843 3779 penetrabilis,
857 3693 904 3757 vel
916 3691 1008 3758 nullis
1019 3692 1236 3779 inquirentium
1249 3695 1356 3779 spatiis
1360 3717 1445 3783 pene-

326 3804 456 3870 trabilis.
1212 3804 1217 3809 ’

371 4016 525 4137 Cende
570 4003 731 4101 Gatianer.
774 4034 951 4115 Beroaldus,
967 4032 1113 4099 Gotones.

373 4141 415 4206 In
427 4166 535 4231 agrum
547 4145 717 4209 transtulit.
760 4144 812 4209 Sic
826 4166 904 4229 sape
918 4146 1041 4208 veteres.
1086 4141 1156 4209 Nos
1170 4142 1341 4225 dicerimus,
1355 4156 1444 4209 tranr-

329 4248 452 4315 tulerat.

363 4463 462 4531 ,Cam
487 4467 540 4530 68.
585 4466 668 4531 Nam
692 4465 805 4533 multis.
848 4434 1045 4545 Fortlstam
1071 4468 1183 4535 multis.
1240 4466 1325 4534 Nam
1352 4481 1444 4555 potest

328 4587 427 4641 umen
436 4574 533 4663 accipi
547 4598 605 4663 pro
617 4574 739 4645 seilicet.
766 4653 769 4659 ,
781 4574 878 4648 Haud
891 4577 933 4647 ita
945 4576 1072 4649 feliciter
1085 4578 1180 4683 iunmt
1192 4576 1349 4663 Ernestru,
1359 4599 1444 4668 quun
