3200 5509
843 538 902 619 xii

303 782 488 867 scatebat
500 780 626 865 editio
642 780 875 881 Ediuensis,
904 753 1291 893 nequeParisiensis
1306 786 1439 867 omni·
1469 782 1473 789 ’

302 971 358 1026 no
383 944 552 1026 carebat
563 973 575 1037 ;
594 942 664 1027 sed
679 954 726 1025 ut
736 918 923 1026 subsidia
936 941 1269 1054 exquisitissima,
1284 947 1437 1055 quibus

303 1102 492 1187 instructi
530 1104 676 1213 nuperi
710 1103 885 1186 editores
915 1102 1051 1186 Taciti
1089 1132 1217 1214 opera
1262 1106 1435 1221 illustra-

302 1275 457 1359 verant,
484 1262 528 1343 in
569 1266 709 1347 nostra
743 1262 923 1347 editione
955 1263 1129 1346 collecta
1161 1264 1325 1347 Lectori
1357 1265 1435 1347 sub

300 1434 514 1532 aspectum
533 1422 844 1507 adducerentur.
901 1422 1010 1527 Cum
1040 1425 1149 1507 enim
1167 1423 1324 1506 hancoe
1349 1422 1435 1506 edi·

301 1582 455 1665 tionem
485 1594 526 1665 et
558 1582 902 1666 absolutissimam
920 1596 964 1666 et
995 1581 1254 1665 utilissimam
1274 1583 1434 1693 prodire

300 1740 344 1823 in
363 1742 499 1825 lucem
519 1744 724 1839 vellemus,
753 1742 855 1825 nihil
885 1744 1282 1853 praetermittendum
1317 1743 1434 1826 nobis

301 1911 364 1983 est
383 1901 525 1999 risum,
555 1902 668 2010 quod
702 1901 756 1983 ad
791 1913 1002 1986 auctorem
1032 1916 1217 1985 nostrum
1237 1930 1436 1985 exornan-

300 2060 401 2142 dum
421 2061 652 2169 pertineret.
710 2061 826 2144 Inter
844 2062 933 2144 illos
951 2074 1105 2181 autem,
1125 2087 1300 2170 qnorum
1319 2062 1434 2143 labo-

300 2220 412 2301 ribus
462 2218 671 2329 praecipub
718 2222 780 2303 usi
828 2250 981 2320 sumus,
1036 2207 1292 2305 memorandi
1339 2230 1435 2302 sunt

302 2377 527 2479 Ernestius,
574 2377 759 2479 Crollius,
817 2380 1053 2492 Rupertius,
1100 2391 1142 2465 et
1185 2381 1257 2489 qni
1303 2407 1434 2491 nuper

218 2631 220 2637 ,
300 2538 519 2649 Anglicam
552 2552 596 2621 et
627 2536 830 2622 Gallicam
864 2542 1090 2623 versionem
1117 2539 1344 2623 ediderunt
1355 2535 1433 2621 Cll.

172 2772 178 2785 .
298 2696 521 2811 Murpbius
540 2709 583 2781 et
602 2696 822 2783 Duranius.
854 2696 1006 2809 Neque
1024 2701 1160 2810 gloria
1179 2723 1262 2781 nou
1282 2700 1435 2782 ducen-

300 2858 403 2941 dum
444 2870 519 2956 est,
569 2858 684 2969 qudd
719 2860 824 2943 inter
857 2862 992 2944 Notas
1023 2884 1173 2972 sparsae
1206 2868 1304 2942 sunt
1331 2884 1435 2943 non·

298 3017 436 3117 nulla,
467 3042 572 3129 quas
592 3018 835 3102 Possumus
867 3020 1106 3123 ὁμακαρόιης,
1139 3030 1182 3102 et
1213 3018 1431 3103 Krnntns

299 3172 328 3262 b
363 3176 612 3263 Ruhnkenio
651 3179 827 3287 aliisque
857 3178 956 3261 artis
987 3178 1143 3261 criticae
1178 3175 1435 3290 principibus

297 3340 396 3424 olim
414 3364 652 3451 excerpsere
670 3352 714 3423 et
732 3339 1006 3449 designavere.
1339 3351 1344 3361 ·

353 3656 581 3743 Consilium
601 3652 781 3743 Editoris
808 3657 1028 3743 Edicensis
1063 3656 1306 3740 serrandum
1326 3655 1434 3739 arbi-

299 3820 396 3903 trati
434 3848 586 3917 sumus,
635 3820 706 3928 qui
744 3819 955 3903 materiem
997 3826 1129 3901 totam
1166 3829 1209 3899 ct
1250 3816 1432 3927 majoris¹
1503 3842 1513 3852 ’

299 3988 342 4062 et
369 3980 554 4077 minoris,²
595 3979 787 4065 editionis
825 3978 1059 4063 Parisiensis
1095 3979 1140 4061 in
1179 4004 1305 4060 unum
1336 4002 1432 4059 oon·

572 4390 581 4421 ¹
607 4386 705 4453 Paris.
727 4388 788 4452 Ed.
814 4397 904 4459 1771.
927 4386 1048 4455 svots.
1062 4386 1138 4458 Qto.

572 4516 587 4551 ²
609 4520 706 4589 Paris.
721 4520 782 4589 Ed.
801 4524 892 4596 1776.
915 4530 934 4593 7
949 4520 1037 4587 Vols.
1052 4521 1144 4585 duod.
