3200 5509
298 503 329 571 lx
729 504 985 572 PRAEFATlo:

299 702 426 787 editio
445 700 645 809 princeps,
661 702 867 809 profectus
886 704 1061 787 ridetur.
1116 708 1312 821 Denique
1325 741 1426 795 non·

300 846 398 927 nihil
432 845 521 954 opis
546 844 684 925 attulit
719 842 813 925 MS.
843 845 974 928 codex
998 848 1149 934 Jacobi
1177 852 1430 936 Corbinelli.¹.

301 984 368 1076 Sic
398 986 651 1096 appellamus
682 986 882 1082 codicem,
916 990 1034 1099 cujus
1066 995 1199 1076 varias
1229 995 1428 1077 lectiones

300 1131 350 1213 ad
373 1156 485 1211 oram
506 1126 762 1211 Beroaldinae
774 1126 963 1211 editionis
982 1133 1068 1240 ipse
1087 1134 1372 1247 adscripscrat.

354 1412 486 1520 Super
503 1410 592 1492 haec
612 1406 736 1491 MSS.
754 1408 948 1495 librorum
968 1414 1162 1512 subsidia,
1181 1417 1286 1500 inter
1303 1418 1423 1530 hujus

298 1555 487 1639 editionis
525 1554 775 1637 adminicula
806 1558 1101 1639 numeraverim
1134 1560 1276 1642 breves
1303 1574 1428 1643 notas·

298 1726 423 1783 nrauu
452 1698 635 1806 scriptas,
664 1722 768 1805 quas
788 1699 901 1779 docti
921 1699 994 1781 viri
1024 1697 1193 1783 Marcus
1218 1704 1424 1785 Anmuius

299 1838 503 1937 Muretus,
519 1838 762 1932 Guillelmus
775 1836 1021 1939 Pollicerius,
1036 1841 1269 1954 Episcopus
1281 1844 1424 1927 Mons*

177 2088 179 2098 Ι
297 1982 497 2093 peliensis,
518 1980 667 2065 Daniel
688 1981 877 2080 Huetius,
898 1983 1130 2094 Episcopus
1145 1987 1419 2084 Abrinceusis‚

192 2168 195 2175 ·
295 2126 543 2235 marginibus
562 2125 841 2233 exemplorum
856 2122 1005 2222 Taciti,
1021 2129 1170 2233 quibus
1184 2130 1417 2225 utebantur,

295 2269 593 2377 inscripserant.
649 2265 710 2349 Cl.
749 2265 985 2349 Fnedericus
1021 2269 1185 2350 Samuel
1217 2268 1417 2367 Schmidt,

285 2411 448 2521 juvenis
472 2409 687 2518 multiplici
707 2411 915 2491 literarum
935 2410 1072 2492 laurea
1090 2412 1249 2509 nobilis,
1274 2413 1328 2493 ad
1345 2439 1422 2494 nos

294 2554 516 2635 transmisit
535 2580 584 2632 ex
608 2550 867 2633 Bibliotheca
885 2554 1053 2659 publica
1074 2552 1266 2635 Beruensi
1285 2555 1424 2636 obser·'

294 2696 475 2777 vationes
484 2694 542 2777 ab
556 2694 723 2775 eruditis
737 2694 830 2774 viris
845 2694 874 2779 J
876 2696 1006 2776 acobo
1022 2694 1189 2805 Cujacio
1202 2708 1243 2777 et
1253 2694 1416 2780 Jacobo

296 2836 519 2945 Bongarsio
551 2838 850 2946 exemplaribus
880 2838 961 2919 suis
993 2838 1126 2919 illitas.
1183 2837 1422 2920 Nonnullae-⁴

292 2979 415 3063 etiam
453 2980 582 3087 reperi
629 2981 671 3059 in
721 2978 845 3061 MSS.
917 2980 1167 3062 Adversariis
1222 2979 1418 3085 Dionysii¹

292 3120 464 3219 Petavii,
519 3123 623 3202 tanti
671 3122 744 3201 viri
791 3122 1017 3203 eruditione
1061 3122 1170 3202 haud
1213 3121 1410 3231 indiguas.

290 3264 449 3375 Accepi
469 3264 522 3347 ab
543 3264 817 3347 Illustrissimo
832 3264 1006 3381 Chifflet,
1022 3268 1183 3346 senatus
1200 3262 1409 3346 Vesontini

333 3645 341 3673 ¹
368 3640 485 3719 Codex,
500 3664 590 3725 quem
602 3641 739 3707 Jacobus
753 3639 828 3705 Cor·
870 3652 928 3719 tur,
950 3641 980 3705 in
1004 3640 1198 3705 Bibliotheca
1213 3639 1418 3705 Institutiouis·

288 3724 402 3803 birselli,
430 3724 474 3789 vir
501 3724 651 3790 literarum
674 3742 704 3789 et
727 3725 828 3789 Taciti
870 3727 1004 3790 Oratorii
1038 3726 1124 3791 lesu.
1179 3726 1335 3796 Quantum
1369 3748 1408 3787 ex

288 3812 528 3889 studiosissimus,
551 3811 689 3888 contulit,
708 3812 738 3873 in
753 3809 828 3873 locis
869 3810 937 3875 libri
965 3812 1027 3875 line
1052 3824 1084 3875 et
1111 3810 1290 3894 quibusdam
1318 3809 1408 3887 locis,

287 3896 514 3980 quunrplurimis
546 3920 615 3961 cum
646 3894 826 3961 Faruesiuno
867 3919 934 3980 qua
968 3895 1094 3979 inspexi,
1144 3894 1308 3976 intelligere
1338 3909 1405 3972 est;

287 3982 413 4066 codice,
429 4004 520 4065 quem
541 3982 669 4048 laudavit
691 3979 826 4062 Lipsius,
866 3981 943 4043 haud
964 3980 1097 4044 diversus
1120 3980 1233 4044 videtur
1256 3977 1406 4054 dcodicc,

286 4067 452 4142 consentit3
497 4079 529 4129 nt
564 4068 622 4129 'arn
653 4064 825 4129 monuimus
865 4088 956 4149 quem
970 4062 1290 4130 Corbiuellieoutulit.
1313 4064 1412 4135 Quod·

285 4174 387 4233 supra.
432 4152 545 4215 Praeter
556 4089 614 4215 hos
628 4174 732 4215 ornnes
741 4150 826 4213 codi·
865 4150 959 4233 magis
974 4150 1079 4233 patuit,
1101 4152 1172 4213 clun
1198 4148 1285 4211 illurn
1297 4146 1406 4213 evolvit

283 4256 345 4313 ees,
375 4259 452 4321 quos
479 4237 720 4313 memoravimus,
755 4235 824 4299 sard
865 4235 915 4299 Cl.
936 4234 1112 4310 Dotteville,
1133 4232 1358 4317 Amuliumque
1374 4246 1411 4296 et.

283 4322 371 4383 uobis
386 4322 515 4386 innotuit
530 4321 604 4385 MS.
620 4324 713 4385 codes
730 4342 825 4383 mem·
865 4319 1067 4385 Historiarum
1094 4319 1199 4397 libros,
1217 4341 1312 4403 .quos
1332 4340 1405 4384 con·

282 4407 455 4488 bnnaceus,
477 4407 527 4493 qui
552 4406 673 4471 Parisiis
688 4408 824 4469 adserva·
862 4403 945 4485 tinet,
960 4404 1025 4489 ipse
1034 4404 1191 4490 evulgavit.
