3200 5509
307 467 366 523 tto
605 456 725 519 NOTAE
747 460 796 519 ET
816 452 1145 529 EllENDATlONES

310 613 447 701 quadam
483 610 679 677 imonsnltirls
711 613 914 699 respondente,
939 616 998 677 bec.
1026 614 1153 699 Aliquid
1186 614 1342 682 desiderari
1364 622 1427 703 pot
1440 668 1454 699 .„

313 724 469 802 Senatum,
497 745 558 787 nou
593 720 800 787 animadvertit
830 722 963 807 Lipsius.
1017 723 1078 787 Sed
1113 736 1219 805 mutat,
1249 737 1338 812 atque
1366 708 1458 810 illo,¹

310 834 559 919 scribendumque
574 845 672 916 putot,
687 832 875 918 atquefilio‚·
897 834 981 918 quod
1001 855 1159 918 perperam
1172 838 1283 920 probet
1298 836 1431 919 Ryckius.

312 944 470 1008 libertum
484 942 515 1005 in
529 955 664 1005 mustum
679 941 769 1005 sitisse
780 942 942 1007 admissum
955 943 1083 1007 Ernesto
1093 944 1142 1007 vix
1156 945 1301 1009 credibile
1313 947 1433 1012 videtin.

310 1052 414 1118 Miror
427 1052 584 1138 equidem:
606 1049 691 1115 aliter
703 1050 784 1115 euim
798 1064 904 1115 sonant
917 1054 955 1115 ab
970 1052 1037 1136 ipso
1058 1051 1176 1117 laudata
1191 1054 1328 1119 Suetonii
1349 1059 1435 1121 serbo
1545 1048 1546 1093 t

309 1163 342 1227 iu
369 1162 474 1226 Tiber.
506 1183 621 1224 xxrrr.
667 1159 798 1223 Illatam
828 1160 933 1225 deinde
962 1160 1099 1248 Augusti
1131 1172 1352 1242 testannntum,
1379 1188 1436 1229 mn
1545 1162 1546 1247 Ῐ

311 1272 448 1337 admissis
468 1270 673 1357 signatoribus
695 1270 754 1333 ruisi
777 1270 925 1334 senatorii
948 1270 1077 1345 ordinis,
1095 1272 1195 1337 ceteris
1221 1284 1307 1337 estro
1324 1276 1437 1340 cumam
1545 1264 1546 1301 ¹

309 1384 398 1471 sigim
411 1380 649 1469 agnoscentibus,
663 1378 804 1445 raitamt
814 1402 871 1463 per
884 1378 1036 1445 libertam.

354 1492 459 1578 Atque
472 1489 536 1554 illo.
581 1488 671 1553 Male
686 1488 842 1566 Heinsius,
857 1490 899 1553 ud
911 1510 976 1571 qna
991 1490 1056 1554 illo.

357 1598 659 1671 Quatenuseeritati.
704 1598 816 1662 Mallet
833 1597 964 1683 Lipsius,
976 1598 1139 1669 Quatinus.
1184 1602 1310 1667 Veteres
1319 1604 1438 1689 quidem

311 1708 512 1777 Grammatici
527 1710 695 1783 observant,-
716 1710 858 1794 qnatinns
882 1732 939 1803 pro
966 1710 1108 1795 qnoniam
1128 1712 1230 1787 scribi,
1252 1727 1283 1777 et
1296 1726 1439 1800 quatenus

311 1843 368 1904 pro
393 1818 454 1906 qud
471 1830 573 1904 parte,
596 1840 754 1905 quousque.
799 1818 843 1882 At
869 1818 960 1901 vulgb
988 1842 1086 1905 neque
1114 1822 1144 1885 in
1173 1820 1275 1887 MSS.
1300 1824 1440 1909 usquein

313 1929 397 1995 libris
410 1928 507 2008 editis,
520 1927 551 1993 id
565 1926 742 1991 discriminis
756 1926 913 2011 reperitur.
958 1928 989 1993 N
994 1929 1044 1993 ilril
1060 1932 1138 2014 ergo
1149 1934 1338 1997 mutandum.

355 2142 444 2209 Cae.
463 2153 510 2213 17.
555 2140 694 2205 Proinde
707 2162 833 2206 venena.
878 2138 1005 2226 Optime
1022 2142 1187 2209 Rhenanus
1207 2158 1239 2209 et
1253 2148 1441 2213 recentiores·-

313 2255 478 2339 Perperam
493 2251 663 2316 Beroaldus
676 2250 785 2336 aliique
800 2264 913 2315 veteres
924 2252 1060 2337 perinde.
1092 2252 1173 2318 llaec
1188 2278 1269 2340 saepe
1280 2271 1441 2321 mutantia.

357 2364 456 2450 Super
477 2360 534 2426 tite
563 2360 696 2447 imagine
717 2360 909 2448 cognitionis.
962 2361 1049 2425 Male
1072 2356 1241 2429 Beroaldus
1265 2380 1296 2431 et
1320 2382 1443 2445 veteres,

291 2478 401 2561 'super
423 2474 493 2539 bae.
547 2471 720 2535 Dicendum
748 2473 839 2547 foret,
863 2494 950 2556 snper
979 2472 1043 2547 lris‚·
1072 2488 1102 2537 et
1127 2476 1224 2539 adhuc
1252 2475 1443 2560 ineleganter.

313 2587 395 2650 Vere
411 2583 553 2667 Ryckius
564 2604 653 2666 super
666 2578 744 2645 leit:
766 2580 857 2666 idque
866 2581 999 2665 postulat
1008 2582 1073 2666 ipsa
1084 2604 1183 2647 rerum
1197 2586 1298 2651 series.
1322 2587 1440 2653 Frustra

314 2708 409 2761 tentat
424 2692 579 2769 Ernestus,
595 2690 717 2754 hidarum
730 2712 786 2773 per
798 2690 869 2755 liae.
902 2690 954 2753 Cf.
970 2690 1029 2755 Ed.
1046 2691 1172 2785 Bipont.
1186 2694 1239 2758 ubi
1251 2696 1332 2759 recte
1346 2696 1439 2781 expli-

315 2814 400 2869 catur
413 2823 502 2887 saper
514 2800 574 2863 linc
589 2823 645 2884 pro
654 2812 724 2883 post
735 2799 806 2863 brec.
851 2798 892 2863 B.
905 2798 945 2863 C.
963 2811 1011 2863 ll.
1028 2822 1077 2866 vr.
1091 2805 1143 2867 61.

360 2910 572 2997 Relegoretur.
617 2909 745 2993 Optime
770 2907 902 2993 Lipsius.
946 2908 1084 2975 Pessime
1110 2911 1278 2977 Beroaldus
1293 2928 1441 3001 ceterique

315 3038 440 3097 veteres,
454 3020 616 3107 relegatur.

359 3239 448 3306 Cae.
468 3247 515 3313 19.
559 3236 679 3301 Audita
697 3260 756 3322 pro
779 3238 945 3321 compertis.
988 3234 1026 3299 ln
1042 3236 1117 3301 MS.
1142 3236 1224 3301 Flos.
1244 3246 1277 3303 et
1297 3237 1438 3303 veteribus

317 3349 508 3425 editionibus,
520 3347 627 3410 andire
636 3370 696 3432 pro
711 3350 877 3431 compertis.
924 3346 1020 3409 Recte
1043 3348 1239 3411 emendarunt
1254 3348 1441 3427 recentiores,

317 3460 435 3525 cudda.
477 3456 644 3541 Antiquam
659 3456 836 3541 scripturam
851 3456 1001 3520 immeritb
1017 3470 1116 3521 tuetur
1132 3456 1316 3521 Gronovius.

360 3672 448 3738 Car.
463 3681 515 3737 90.
561 3668 695 3759 Pegadai
697 3670 841 3755 flumine.
884 3669 1017 3735 ItaMS.
1029 3670 1111 3733 Flor.
1122 3683 1152 3734 et
1162 3685 1276 3734 setores
1290 3673 1437 3737 editiones.

316 3778 354 3849 In
370 3780 601 3858 recentioribus,
611 3779 747 3867 Pagidd.

361 3890 463 3958 Simul
475 3898 594 3977 excepta
609 3890 746 3955 salsiora.
790 3882 870 3954 Haec
885 3876 1065 3967 acclamans,
1080 3888 1169 3953 simul
1180 3891 1304 3955 adverso
1318 3915 1437 3977 corpore

317 4004 440 4067 vulnera
453 3999 633 4085 excipiebat,
659 4015 691 4064 ut
715 4001 796 4063 recte
821 4000 953 4085 explicat
977 4000 1196 4063 Freinshemius
1211 4000 1240 4062 in
1258 4000 1435 4085 Paraphrnsi.

320 4113 423 4177 Nimis
438 4108 552 4195 argute,
564 4134 619 4173 uec
632 4109 828 4194 probabiliter
841 4110 997 4187 Ernestus,
1009 4108 1097 4177 simul
1108 4108 1239 4189 vulnera,
1254 4134 1322 4194 quae
1333 4110 1438 4175 sortiter

319 4222 480 4310 pugnaudo
509 4233 677 4304 exceperat,
705 4218 852 4285 militibus
881 4220 942 4286 suis
967 4222 1143 4283 ostentabat.
1198 4218 1274 4283 Post
1309 4218 1439 4297 vulnera,
1545 4286 1546 4289 ,

319 4330 465 4395 excidisse
479 4330 614 4410 ostendit,
630 4329 787 4394 existimat.
1545 4326 1546 4335 ’

363 4542 452 4609 Cer.
474 4552 526 4609 21.
572 4533 765 4609 Firstimcat.
810 4544 857 4613 Ito
871 4533 946 4613 lllS.
964 4542 1048 4613 Flor.
1064 4506 1198 4613 Pichena
1212 4556 1242 4609 et
1256 4543 1438 4610 recentiores.
1545 4506 1546 4509 Ἴ

312 4656 483 4745 Beroddus
495 4668 527 4723 st
539 4668 662 4738 veteres,
664 4652 764 4744 fuste.
869 4680 871 4685 ’
