3200 5509
932 211 1046 262 51⁴
1527 207 1771 266 worm
1814 204 1915 267 m·
1956 181 2648 269 EMENDATIONES‘

1476 747 1616 815 DE
1664 747 2320 818 ROMANORUM
2357 745 2661 821 ACTIS'.

1024 1095 1190 1160 Cum
1217 1093 1410 1157 adhuc
1451 1116 1597 1156 rarae
1637 1103 1835 1156 essent
1871 1090 2079 1172 literae,
2116 1114 2403 1157 numerus
2447 1093 2530 1158 A.
2557 1090 2644 1156 U.
2674 1089 2754 1156 C.
2801 1088 2994 1171 clavo,
3018 1115 3174 1178 quem

936 1217 1160 1290 praetor
1208 1202 1532 1281 maximus,
1569 1214 1677 1266 aut
1719 1202 1998 1283 dictator,
2038 1203 2100 1266 in
2144 1204 2270 1281 aede
2311 1199 2355 1265 J
2359 1202 2487 1266 ovis
2530 1202 2779 1285 figebat,
2828 1201 2946 1265 fuit
2971 1202 3176 1286 consig-

933 1328 1131 1395 natus,
1170 1313 1309 1378 Liv.
1338 1334 1470 1378 vu.
1516 1321 1578 1378 3.
1624 1312 1703 1376 In
1727 1312 1846 1376 hae
1877 1313 2047 1377 tant&
2076 1312 2394 1377 hominum
2432 1311 2708 1391 ruditate,
2739 1313 3005 1377 necdum
3029 1311 3178 1374 ensffi

933 1423 1159 1510 quaevis
1187 1423 1508 1503 scribendi,
1538 1448 1650 1488 seu
1675 1422 2023 1503 mentiendi,
2051 1422 2319 1503 libidine,
2348 1426 2673 1487 cavebatur
2701 1436 2912 1488 tamen
2938 1445 3013 1486 ne
3038 1434 3178 1486 vetus

929 1533 1240 1612 memoria,
1258 1532 1482 1618 periret
1501 1558 1514 1596 ε
1533 1541 1591 1615 ἶ(
1613 1533 1903 1599 Pontifex
1935 1534 2235 1600 maximus
2257 1556 2350 1600 res
2378 1554 2592 1599 omnes
2620 1532 3002 1618 singulorum
3022 1554 3178 1596 anno-

931 1667 1070 1719 rum
1099 1646 1428 1709 mandabat
1452 1643 1662 1725 literis,
1699 1645 2108 1730 efferebatque
2137 1645 2201 1714 in
2242 1644 2473 1723 album,
2501 1656 2563 1709 et
2607 1646 3000 1730 proponebat
3034 1647 3175 1708 tabu-

930 1755 1056 1821 lnrn
1084 1754 1274 1832 domi,
1311 1767 1581 1839 potestas
1609 1768 1681 1819 ut
1712 1769 1866 1820 esset
1895 1754 2130 1840 populo
2160 1754 2619 1839 cognoscendi‚''
2665 1753 2896 1819 Cicero
2925 1755 2999 1817 de
3027 1751 3173 1817 Orat.

933 1888 1018 1932 11.
1053 1876 1151 1930 12.
1242 1866 1404 1932 Haec
1436 1866 1725 1951 primaevn
1760 1865 1964 1946 Acta3
2007 1868 2089 1929 ob
2142 1866 2505 1950 scriptorum
2542 1865 2902 1950 dignitatem
2934 1862 3176 1928 Annales

927 1976 1183 2047 maximi
1210 1973 1523 2059 appellati,
1555 1989 1617 2038 et
1646 1972 1683 2036 ὲ
1714 1998 1913 2054 rerum
1945 1974 2362 2039 Romanarum
2383 1975 2557 2040 initio
2578 1979 2654 2040 ad
2685 1974 2889 2040 Mutii
2920 1974 3175 2040 Scaevolae

928 2085 1236 2172 pontificis
1276 2083 1526 2148 maximi
1565 2096 1855 2161 mortem,
1894 2105 2003 2146 seu
2048 2085 2131 2146 A.
2159 2081 2244 2145 U.
2269 2081 2347 2146 C.
2384 2084 2537 2152 672.
2577 2083 2941 2148 continuati.
3021 2084 3176 2147 Tunc

926 2195 1369 2263 valescentibus
1417 2192 1595 2271 vitiis,
1641 2193 1869 2278 legum,
1918 2192 2323 2277 rogationum,
2379 2192 2770 2258 consiliorum
2822 2194 3175 2262 multitudine

924 2308 1268 2393 copiosiora
1292 2309 1462 2371 fuere
1492 2304 1675 2369 Acta.
1763 2302 1973 2369 Julius
2005 2303 2232 2382 Caesar,
2262 2316 2330 2367 ut
2354 2304 2587 2369 animos
2615 2303 2889 2389 quadam
2916 2304 3175 2368 libertatis

842 2456 844 2458 v
924 2431 990 2484 et
1031 2417 1242 2502 gloriae
1288 2416 1548 2500 imagine
1583 2414 1942 2494 ludificaret,
1988 2420 2031 2451 “
2056 2413 2288 2495 primus
2310 2410 2598 2479 'omnium
2640 2414 2929 2494 instituit,
2969 2428 3034 2479 ut
3072 2428 3172 2478 tam

925 2530 1184 2607 senatus,
1215 2526 1398 2613 quim
1432 2525 1649 2611 populi
1690 2524 1900 2590 diurna
1925 2538 2061 2590 acta
2085 2525 2548 2604 conficerentur,
2587 2538 2651 2589 et
2693 2523 3173 2610 publicarentur?

925 2638 1183 2704 Sueton.
1232 2636 1294 2700 in
1347 2635 1389 2702 J
1396 2635 1479 2701 ul.
1527 2658 1656 2700 xx.
1713 2637 2026 2720 Augustus
2068 2635 2110 2702 J
2117 2636 2263 2716 ulio,
2312 2635 2550 2718 virtute,
2595 2658 2719 2700 non
2767 2633 3169 2701 dominationis

922 2748 1228 2833 cupidine,
1256 2747 1521 2825 inferior,
1565 2746 1947 2833 occultisque
1977 2746 2203 2811 artibus
2231 2747 2455 2832 potius,
2502 2745 2688 2834 quum
2728 2744 3166 2836 animiexcelsi-

919 2871 1068 2937 tate,
1112 2858 1438 2943 imperium
1483 2870 1843 2938 retenturus,
1887 2870 2101 2923 auctor
2137 2858 2250 2922 fuit
2293 2864 2334 2894 “
2362 2882 2438 2922 ne
2467 2873 2600 2922 acta
2642 2858 2888 2923 senatos
2926 2857 3167 2942 publica-

917 2968 1188 3048 rentur,”
1231 2970 1487 3033 Sueton.
1515 2967 1578 3033 in
1607 2969 1774 3054 Aug.
1808 2989 2073 3034 xxxvl.
2144 2968 2412 3052 Augusti
2456 2979 2658 3054 coepta
2702 2981 3057 3052 prosecutus
3093 2977 3165 3029 est

915 3079 1224 3157 Tiberius,
1282 3102 1524 3166 semper
1574 3082 1888 3158 obscurus,
1927 3093 1988 3145 et
2032 3077 2302 3144 servituti
2344 3079 2681 3145 imminens.
2769 3079 2964 3144 Forte
3007 3077 3158 3144 etism

916 3190 1111 3255 sanxit
1151 3203 1220 3254 ut
1246 3202 1506 3270 senator,
1549 3191 1589 3253 ἃ
1633 3214 1696 3254 se
1724 3190 2013 3267 delectus,
2046 3190 2212 3256 Acta
2251 3192 2491 3256 senatus
2520 3203 2946 3276 componeret,
2986 3187 3158 3254 Tacit.

915 3299 1142 3365 Annal.
1176 3324 1238 3364 v.
1277 3310 1340 3365 4.
1387 3303 1464 3364 de
1492 3304 1674 3373 rebus
1702 3323 1946 3387 quoque
1972 3301 2036 3367 in
2064 3302 2230 3366 Acta
2272 3301 2522 3386 publica
2551 3301 2884 3367 referendis
2909 3299 3156 3365 omitten-

913 3411 1079 3477 disve
1129 3410 1555 3496 pronuntiavit,
1610 3411 1761 3491 Dio,
1796 3433 1968 3475 Lvn.
1996 3435 2061 3496 p.
2091 3412 2235 3482 617.
2303 3411 2581 3476 Pristinae
2627 3425 2834 3475 tamen
2879 3407 3153 3474 memorie

911 3522 1234 3587 retinendae
1282 3521 1530 3585 minime
1585 3520 1943 3599 incuriosus,
1989 3522 2134 3585 cnm
2179 3521 2486 3587 Actorum
2533 3521 2928 3607 publicorum
2984 3530 3152 3604 parte·

913 3633 1249 3717 periissent,
1297 3646 1402 3697 aut
1444 3639 1739 3696 vetustate
1769 3633 1957 3696 ferme
1986 3645 2393 3712 vanescerent,
2438 3656 2573 3718 quae
2599 3645 2874 3697 extarent
2913 3630 2951 3694 ὲ
2992 3629 3152 3695 tribu·

914 3742 1289 3807 senatoribus
1335 3742 1616 3820 describi,
1674 3755 1873 3806 cetera
1926 3743 2203 3828 conquiri
2239 3740 2426 3830 jussit
2468 3743 2552 3807 A.
2579 3742 2665 3807 U.
2696 3741 2774 3808 C.
2823 3743 2969 3815 769.
3025 3738 3146 3815 Dio,

918 3872 1093 3917 Lvn.
1137 3878 1201 3938 p.
1230 3856 1380 3918 613.

999 3964 1283 4035 Quarum·
1303 3963 1505 4049 itaque
1524 3965 1695 4027 fuere
1718 3966 1878 4048 apud
1909 3964 2224 4049 Romanos
2244 3965 2548 4030 Actorum
2576 3986 2813 4048 genera.
2902 3958 3143 4027 Primum

913 4072 1242 4156 Principis,
1273 4075 1526 4139 Sueton.
1554 4073 1616 4138 in
1645 4075 1886 4140 Domit.
1919 4098 2039 4142 xv.
2112 4076 2394 4141 Alterum
2420 4077 2680 4154 senatus,
2720 4075 2926 4140 Tacit.
2952 4067 3142 4138 Annal-

913 4208 979 4250 ν.
1008 4194 1070 4249 4.
1103 4184 1254 4247 Duo
1277 4196 1604 4267 postrema,
1628 4186 1871 4272 populi:
1900 4187 2153 4274 publica
2173 4187 2425 4269 scilicet,
2445 4187 2648 4251 Tacit.
2665 4184 2888 4251 Amal.
2914 4204 3041 4248 xn.
3057 4188 3140 4243 24.

911 4295 1142 4374 diurna,
1187 4291 1392 4359 Tacit.
1419 4294 1648 4359 Annal.
1683 4319 1855 4365 1111.
1898 4308 2002 4364 31.
2055 4298 2183 4366 Res
2225 4297 2499 4379 leviores,
2548 4298 2743 4379 ludos,
2794 4292 3136 4382 quotidiano·
