3200 5509
302 545 362 609 aot
503 504 505 507 ’
661 533 1067 598 ucossanurnctrr
1144 489 1151 504 ’
1215 539 1440 608 auum.

302 697 368 771 bus
384 690 628 790 efflagitabant:
647 696 672 732 “
688 688 817 763 visendi
833 688 885 762 sui
902 687 1034 785 copiam
1051 685 1238 764 facerenu'2
1287 693 1373 766 Non
1387 691 1436 768 illi

301 827 416 883 tamen
431 808 467 880 in
489 808 637 893 Urbem,
664 821 723 876 aut
747 803 938 900 propinqua
960 803 1051 877 Urbi
1066 803 1217 904 degressi
1231 823 1334 880 atmt:
1357 805 1437 880 tatis

302 923 427 1010 vuum,
442 919 598 994 omittere
613 918 772 1007 insulam,
795 933 830 992 et
853 917 889 990 in
909 919 1068 1014 proximo
1090 920 1287 1016 Campania
1311 919 1435 1016 aspicia

303 1039 347 1111 eb
363 1034 480 1110 venire
494 1051 619 1130 patres,
634 1057 751 1130 eques,
767 1055 891 1130 magna
907 1056 985 1128 pars
1001 1031 1121 1128 plebis,
1136 1032 1227 1106 anxii
1242 1057 1326 1132 erga
1348 1036 1437 1131 Seja-

302 1154 413 1239 num,¹
439 1150 537 1247 cujus
559 1147 678 1220 durior
692 1171 908 1244 congressus,
932 1163 1034 1244 atque
1057 1147 1101 1220 eb
1124 1173 1186 1244 per
1199 1147 1381 1237 ambitum,
1404 1165 1438 1222 et

302 1264 461 1343 societate
483 1261 701 1334 consiliorum
725 1262 916 1356 parabatur.
967 1260 1053 1334 Satis
1069 1262 1242 1334 constabat
1256 1279 1390 1334 auctam
1406 1261 1437 1336 ei

300 1377 547 1477 adrogantiam,
563 1373 698 1454 foedum
713 1375 799 1450 illud
815 1375 851 1448 in
867 1377 1047 1472 propatulo
1062 1376 1234 1450 servitium
1250 1375 1432 1473 spectanti:

301 1493 429 1590 quippe
443 1491 581 1577 Roma,
596 1489 682 1566 sueti
697 1490 892 1580 discursust
918 1507 952 1562 et
968 1489 1198 1590 magnitudine
1210 1491 1319 1564 Urbis
1330 1490 1434 1564 incer·

301 1624 391 1694 tunt,
407 1603 500 1701 quod
516 1603 660 1700 quisque
670 1603 715 1686 ad
729 1603 906 1702 negotium
917 1621 1046 1703 pergat.
1097 1603 1147 1688 Ibi
1163 1629 1299 1700 campo,
1316 1623 1374 1679 aut
1386 1603 1435 1686 lit,

301 1721 547 1816 torejacentes‚
563 1717 661 1789 nullo
675 1717 882 1806 dimriuine,
897 1735 1033 1792 noctem
1049 1743 1088 1792 ac
1104 1717 1209 1808 diem,
1220 1721 1322 1818 juxta
1337 1718 1435 1817 grati·

301 1857 373 1922 am,
387 1849 447 1906 aut
460 1829 566 1906 fastus
574 1830 759 1930 janitorum
771 1833 1066 1929 perpetiebantur:
1093 1833 1202 1906 donec
1224 1823 1332 1930 idque
1357 1833 1434 1906 vetit

300 1964 391 2035 tum,
407 1963 441 2020 et
452 1971 614 2020 revenere
628 1947 665 2018 in
686 1949 823 2020 Urbem
838 1947 974 2046 trepidi,
990 1973 1077 2046 quos
1088 1973 1158 2022 non
1169 1971 1343 2035 sermone,
1366 1969 1434 2020 non

303 2061 377 2141 visu
398 2061 557 2159 dignatus
577 2078 669 2134 etat:
696 2063 836 2160 quidam
857 2062 947 2136 mali
971 2063 1110 2153 alacres,
1135 2061 1258 2160 quibus
1280 2059 1434 2146 infausta

303 2173 460 2254 amicitie
475 2174 588 2274 gravis
603 2175 715 2250 exitus
729 2177 935 2250 imminebat.

351 2413 409 2483 75.
436 2357 634 2485 Caranum
663 2403 822 2482 'liberius
849 2424 986 2504 neptem
1018 2404 1271 2512 Agrippinam,²
1289 2405 1435 2490 Germ

300 2517 379 2594 nico
401 2535 525 2608 ortam,
549 2519 635 2592 cum
658 2543 775 2596 coram
795 2524 863 2596 Cn.
880 2520 1034 2602 Domitio
1058 2519 1258 2609 tradidioeet,
1281 2519 1321 2594 in
1337 2520 1435 2596 Urbe

300 2813 443 2892 ponendas
467 2831 608 2872 censuere.
652 2813 743 2884 Quasi
770 2817 838 2876 verb
893 2818 1063 2896 quisquead
1076 2815 1219 2894 negotium
1233 2819 1370 2892 pergeret.
1392 2811 1433 2872 rti

301 2892 433 2950 'liberius
455 2911 491 2949 ac
518 2893 636 2969 Sejanus
655 2911 686 2950 se
711 2895 839 2956 hostibus
893 2899 959 2956 verb
972 2899 1098 2974 jacentes
1120 2913 1233 2972 eampo,
1252 2905 1305 2954 aut
1331 2893 1433 2962 littore,

300 2970 460 3042 clementes,
491 2971 626 3031 Romanis
650 2972 757 3034 amicos
783 2975 839 3036 heic
893 2977 975 3036 nullo
987 2977 1204 3036 conditioniaac
1221 2973 1369 3048 dignitatis
1382 2973 1435 3030 dis·

301 3049 471 3109 datnnorum
515 3051 736 3110 dissimulatione
774 3074 840 3131 pro-
894 3057 1021 3126 crimine,
1044 3065 1156 3114 noctem
1180 3073 1214 3111 ac
1240 3053 1327 3122 diem,
1347 3053 1433 3127 juxta

299 3127 424 3187 bisseni.
465 3123 718 3206 Hicqttoquenri
737 3146 839 3194 mutua
892 3137 1021 3211 gratiam,
1036 3147 1087 3194 aut
1100 3135 1188 3193 laetus
1196 3132 1433 3208 janitorumpet·

299 3206 407 3266 Tiberii
427 3227 462 3268 ae
483 3211 578 3286 sejani
598 3210 726 3270 amicitia
743 3231 840 3272 conse·
893 3215 1079 3292 petiebantur.
1133 3215 1233 3272 Donec
1258 3211 1288 3268 id
1317 3229 1434 3288 quoquo

301 3289 445 3346 trabatur.
893 3295 1010 3353 vetitum
1018 3305 1068 3353 eat.
1091 3293 1129 3352 Et
1142 3309 1273 3351 revenere
1286 3289 1431 3348 iuUrbetn

894 3373 1005 3451 trepidi,
1036 3393 1107 3449 quos
1131 3390 1188 3430 non
1215 3389 1354 3439 sennone,
1378 3387 1432 3426 non

342 3447 541 3526 'Anriiergo
554 3447 695 3527 Sejuaum.
736 3449 839 3510 Etive·
893 3454 954 3512 visu
967 3455 1098 3530 dignatus
1112 3463 1174 3514 erat
1188 3451 1319 3525 Sejanus.
1361 3447 1433 3517 Qui,

300 3529 361 3597 nire
386 3539 487 3606 patres,
511 3529 628 3605 equitet,
649 3549 750 3607 magna
774 3550 839 3608 pars
893 3533 958 3592 darn
972 3533 1037 3600 verb
1056 3532 1131 3591 meld
1146 3531 1267 3590 alacres:
1289 3527 1432 3598 illisenint

301 3606 402 3684 plebis,
414 3627 509 3666 ornnes
522 3609 557 3665 de
572 3608 677 3683 Sejani,
691 3609 778 3686 quim
790 3611 839 3667 'l'i-
892 3611 1021 3669 infaustae
1031 3611 1165 3670 amicitiae
1177 3610 1267 3686 gravis
1276 3607 1375 3666 exitus
1384 3607 1435 3666 int·

301 3687 372 3743 bcrii
399 3687 547 3764 Principis,
574 3706 722 3764 congresm
750 3691 838 3764 magis
892 3691 1027 3748 minabat.
1080 3689 1233 3758 Amicitiae,
1278 3686 1433 3746 sceleribus

300 3765 392 3823 anxii.
426 3765 661 3824 Difficiliorenim
673 3768 838 3827 crataditus
892 3771 977 3842 nine,
990 3789 1108 3848 propero
1119 3779 1162 3828 est
1181 3785 1273 3846 poena.

300 3861 338 3902 ac
359 3845 469 3903 durior:
494 3846 614 3921 ideoque
639 3847 683 3903 vel
708 3866 758 3924 per
779 3867 839 3904 ant-
930 3845 1083 3928 ‘Neptem
1109 3845 1306 3929 Agrippinae·
1358 3845 1434 3922 Nep·

301 3921 405 3994 bitum,
429 3926 563 3999 pecurum
585 3923 754 4001 elargiendo,
783 3946 838 3984 ser·
893 3937 958 3998 tem,
978 3947 1034 3986 non
1056 3947 1095 3999 rc,
1110 3931 1159 3986 sed
1178 3925 1342 4003 adoptionis
1358 3925 1432 4000 jure.

301 4018 352 4055 vos
373 4005 523 4078 captando,
539 4002 672 4079 dignitate
693 4016 723 4062 et
739 4005 841 4064 nobili·
893 4007 968 4066 Vide
988 4019 1069 4078 atem¹
1089 4009 1161 4066 Caes.
1185 4025 1214 4064 rt.
1238 4009 1290 4074 93.
1331 4004 1433 4080 Agrip·

301 4080 553 4152 antecedendum!
563 4101 612 4157 per
622 4083 725 4154 scelus,
738 4103 840 4142 cruen-
892 4085 987 4164 pinam
1015 4087 1147 4146 Tiberius
1171 4085 1230 4163 ipse
1254 4101 1289 4143 ac
1315 4101 1431 4162 praesent

301 4167 397 4214 torum
412 4159 638 4236 nefariorumque
655 4163 838 4224 consiliorum
892 4165 946 4224 Cn.
961 4166 1089 4230 Domitio
1102 4183 1219 4228 uxorem
1234 4163 1368 4231 tradidiu
1384 4161 1429 4219 scd

300 4234 435 4293 societate
446 4241 608 4312 parabatur.
640 4239 839 4318 Spectantibus
892 4241 920 4300 in
946 4245 1023 4306 Urbe
1046 4244 1180 4304 celebrari
1205 4243 1322 4321 nuptias
1337 4243 1430 4320 jussit.

301 4311 840 4401 foedumilludinpropatuloscrritiurn,
893 4321 926 4378 ln
950 4324 1120 4382 editionibus
1145 4324 1287 4382 veteribus
1312 4321 1430 4410 aliisque

300 4403 368 4448 saus
381 4396 527 4453 constabat
539 4408 724 4456 auctumesse
737 4401 839 4474 Sejeno
891 4401 1006 4478 optimae
1038 4414 1111 4460 notae
1141 4401 1278 4462 celebrari
1311 4408 1429 4478 nuptura.

300 4471 499 4560 arrogantiam.
539 4473 629 4532 Erant
647 4478 721 4535 enim
741 4479 839 4537 Romae
892 4479 1041 4557 Perpetem
1067 4482 1096 4539 in
1119 4481 1293 4558 quibusdam
1316 4477 1429 4560 ments

300 4557 374 4621 sueti
399 4549 550 4624 discursus,
570 4564 600 4609 et
617 4568 731 4632 propter
754 4557 839 4616 Urbis
890 4561 987 4620 oribus
1000 4561 1148 4621 celebrare.

301 4627 523 4703 magnitudinem
567 4632 716 4708 incertum,
760 4637 837 4714 quod
