3200 5509
384 530 442 589 AD
463 528 536 589 ΠΒ.
559 526 616 587 lli.
635 526 735 587 ANN.
755 528 790 585 C.
811 524 935 585 CORN.
954 522 1100 581 TAClTl.
1248 526 1305 577 tm
1412 528 1431 545 ¹·

218 677 376 769 aldigotus
387 678 502 765 praeiri.
536 679 660 745 Frustra
674 676 831 754 Heinsius,
845 676 1005 741 iulrctotus
1013 670 1129 760 praelii.
1154 671 1307 761 inligatus

168 791 289 878 pracli,
303 793 335 855 'rt
347 804 404 870 eat,
416 790 589 875 copiosiore
601 789 704 873 predi
717 786 890 871 impeditus.

220 902 350 967 Sardois
371 901 475 965 eastris
497 898 682 966 adherebat.
734 896 784 962 lta
805 896 881 961 MS.
911 896 992 963 Flor.
1023 908 1053 958 et
1082 894 1205 979 optima
1227 908 1312 957 notra

174 1013 332 1091 dicim
376 1009 555 1089 Beroaldus,
568 1008 711 1095 berebet.

218 1122 321 1186 Mirm
335 1122 444 1206 putris.
488 1117 536 1183 Ita
561 1118 637 1183 MS.
665 1117 747 1181 Flor.
773 1114 918 1181 editiones
941 1126 1054 1181 veteres
1071 1128 1102 1179 et
1117 1116 1305 1197 recentiores.

173 1231 328 1297 Voculam
340 1230 452 1297 addidit
463 1228 635 1304 Rhenanus,
644 1228 794 1313 raiauqioe
801 1227 913 1312 putris.

218 1341 375 1427 Aprorsias
412 1338 577 1405 Cassianus.
645 1335 683 1401 Ιι
727 1336 876 1400 veteribus
920 1334 1111 1414 editionibus,
1149 1338 1306 1423 Apronius

175 1449 332 1516 ὓείυυυυ.
387 1491 391 1499 =

217 1678 307 1745 Cin.
323 1687 375 1745 92.
421 1678 474 1743 Er
494 1679 537 1743 P.
554 1678 712 1748 Quirinio.
756 1676 878 1740 Eruditi
903 1689 1036 1753 censent,
1062 1699 1116 1741 nec
1141 1676 1304 1757 immeritb,

173 1789 347 1861 Quirinium
361 1789 446 1853 illum
457 1791 598 1853 eumdem
608 1812 673 1852 esse
687 1810 722 1850 ac
740 1786 899 1874 Cyririnm,
911 1789 948 1849 de
963 1810 1024 1872 qno
1037 1786 1081 1851 D.
1098 1788 1208 1867 Lucas,
1221 1813 1259 1853 11.
1272 1800 1304 1855 2.

172 1895 212 1961 ln
226 1899 345 1963 Granis
363 1899 474 1983 legitur
486 1899 690 1984 ἡγεμονεύοντος
706 1902 754 1973 τῆς
773 1896 877 1983 Συρίας
898 1896 1040 1983 Κυρηνίου.
1083 1898 1116 1961 Λ
1141 1898 1303 1979 Straboni,

168 2022 244 2071 xit.
268 2033 299 2093 p.
314 2010 387 2081 569.
409 2007 579 2093 aripellatur
594 2007 727 2095 Κυρίνιος.
772 2005 972 2075 Consulatum
998 2010 1178 2089 gesseratA.
1202 2008 1243 2072 U.
1265 2008 1304 2073 C.

170 2123 249 2186 742.
305 2118 346 2181 A.
360 2117 399 2182 C.
434 2130 481 2182 11.
538 2117 577 2180 In
604 2116 686 2181 fastis
712 2116 997 2179 Vindobonensibus
1024 2117 1061 2179 ad
1091 2118 1169 2181 hunc
1192 2142 1301 2184 annum

172 2224 416 2292 MESSALA
439 2242 470 2292 et
492 2225 726 2299 QVIRINO.
772 2226 866 2290 Extat
886 2248 1008 2311 quoque
1022 2229 1102 2311 apud
1122 2227 1304 2295 Suetonium

171 2335 205 2401 iu
232 2338 343 2402 -Tibeo
382 2359 485 2401 xcix.
542 2337 672 2406 Quirini
704 2337 829 2400 mentio.
889 2334 924 2397 ln
953 2338 1166 2402 recentioribus
1202 2340 1302 2405 Taciti

169 2446 354 2512 editiombus
367 2449 569 2525 emendatum,
587 2445 729 2514 Quirino.
773 2446 819 2508 At
832 2446 902 2509 cim
914 2460 1026 2508 veteres
1041 2470 1144 2510 omnes
1158 2448 1303 2515 editiones

172 2556 315 2635 babeant,
345 2556 512 2632 Quirinio5
533 2557 606 2619 nihil
634 2557 811 2620 mutandum
837 2554 948 2619 censui.
1001 2556 1053 2618 Ad
1076 2578 1146 2620 eum
1171 2552 1305 2642 ¹pertinet

172 2678 259 2729 vetus
270 2690 412 2745 marmor,
427 2668 508 2752 quod
523 2668 589 2730 fuse
608 2664 795 2729 illustrntCl.
809 2664 899 2744 Gari,
914 2663 1053 2749 inscript.
1068 2667 1141 2729 Ant.
1157 2666 1229 2731 Vol.
1246 2690 1303 2733 ιιι.

173 2794 206 2861 p.
226 2786 286 2841 114
299 2791 407 2863 etseq.

218 2886 276 2951 Ad
286 2886 483 2975 preferendo.
528 2885 565 2950 In
580 2885 656 2949 MS.
672 2885 755 2949 Flor.
769 2884 935 2974 prtifendo.
978 2884 1053 2949 Inde
1079 2888 1187 2953 frustra
1211 2901 1306 2953 tentat

170 2996 362 3075 Gronovius,
368 2996 539 3083 prrffurido.

220 3105 297 3175 Quia
332 3107 413 3170 celui
449 3108 570 3180 reticere
601 3106 748 3172 caluerat.
790 3106 947 3171 Incassum
972 3106 1138 3186 Acidalius,
1175 3111 1304 3173 reticeri.

173 3210 329 3295 Muretus,
340 3216 509 3280 coluerant.
552 3216 653 3279 Verba
667 3215 719 3279 illa
738 3216 859 3279 duriora
878 3238 942 3279 csse
957 3216 1064 3301 uixque
1083 3240 1155 3281 sana
1169 3241 1303 3302 pronun·

171 3328 228 3392 tiat
243 3326 401 3403 Emestus,
414 3326 465 3389 cui
478 3328 559 3389 hanel
573 3326 615 3389 ita
627 3326 780 3391 assentior.

219 3435 298 3500 Cam
312 3436 442 3499 militari
456 3436 600 3499 custodiri.
631 3434 698 3499 Rex
708 3434 969 3515 Ancuslllartius,
982 3436 1178 3503 adimerem
1193 3439 1306 3503 ireres*

172 3547 268 3613 centis
281 3547 428 3624 audacie,
439 3545 538 3610 audiri
557 3545 646 3625 Urbe,
660 3568 810 3611 carcerem
827 3548 893 3609 foro
913 3546 1120 3611 imminentem
1135 3548 1303 3629 aedificavit,

171 3670 250 3721 teste
273 3654 373 3734 Livio,
388 3677 412 3721 ι.
428 3665 480 3721 33.
524 3650 637 3720 Postea
662 3656 771 3741 triplex
791 3656 849 3720 luit
871 3658 951 3741 apud
977 3656 1133 3721 Romanos
1147 3659 1302 3725 custodis:
1330 3685 1332 3689 ’

171 3768 271 3853 prima
285 3767 431 3845 militaris,
445 3766 507 3852 qni
521 3766 567 3830 rel
581 3765 670 3847 intri,
683 3766 729 3829 vel
741 3778 826 3829 entra
838 3788 998 3844 carcerem,
1010 3789 1078 3830 reus
1093 3791 1163 3831 cum
1177 3770 1303 3833 custode

171 3875 268 3940 milite
282 3876 471 3961 alligabatur.
515 3874 590 3941 Inde
615 3876 732 3940 Seneca
752 3876 814 3961 Ep.
834 3898 863 3939 v.
908 3874 1028 3939 Eodem
1043 3888 1150 3941 catena
1165 3888 1194 3943 et
1207 3889 1303 3942 curta

172 3986 259 4049 elium
281 3997 311 4050 et
332 3985 458 4049 militem
481 3986 612 4071 copulat.
670 3986 845 4071 Aliquandb
870 3988 931 4050 duo
954 3985 1062 4049 milites
1091 4010 1162 4051 cum
1187 3990 1305 4053 duabus

174 4095 287 4161 catenis
309 4095 411 4159 additi.
454 4093 503 4161 Iis
528 4096 572 4161 D.
597 4095 721 4174 Petrus,
744 4096 818 4161 Act.
837 4105 884 4161 12.
907 4098 936 4163 6.
952 4096 1117 4179 κοιμώμενος
1130 4100 1238 4179 μεταξὺ
1260 4098 1304 4163 δύο

173 4213 364 4293 στρατιωτῶν,
376 4205 507 4289 δεδεμένος
517 4207 636 4271 ἁλύσεσι
647 4207 718 4271 δυσί.
739 4206 891 4291 Triplices
902 4220 1021 4271 catenas
1037 4221 1185 4272 memorat
1195 4208 1306 4273 Sueto·

172 4314 286 4379 niusin
303 4315 335 4378 N
338 4338 379 4379 er.
397 4338 528 4380 xxxvi.
545 4317 597 4381 De
620 4317 664 4381 D.
686 4316 785 4381 Paulo
799 4316 952 4381 habitante
971 4330 1054 4381 entra
1070 4340 1217 4382 carcerem
1233 4340 1305 4383 cnm

172 4425 300 4487 custode
313 4424 419 4505 milite,
433 4426 500 4489 vide
513 4426 586 4491 Act.
600 4447 737 4491 xxvur.
753 4429 801 4495 16.
839 4428 980 4491 Secunda
1002 4429 1137 4493 custodia
1147 4442 1210 4493 erat
1224 4429 1305 4521 apud

171 4532 313 4608 canicies
332 4549 512 4625 ceterosque
536 4536 735 4621 magistratus.
790 4534 874 4605 lutra
897 4536 1007 4603 Anual.
1041 4558 1088 4605 v1.
1110 4547 1141 4607 8.
1199 4536 1303 4639 Gallio
