3200 5509
288 267 346 324 5³0
589 262 711 322 NOTAE
733 261 783 320 ET
803 261 1134 322 eununfflouns

291 413 392 496 myrrl
406 411 576 496 AEgyptum
590 424 739 496 exportat,
760 423 852 498 atque
865 412 897 476 in
918 415 1037 494 urbem,
1057 437 1149 499 quam
1164 413 1247 480 Solis
1264 417 1437 503 appellnt,

285 523 490 608 'fragrantibus
503 522 597 586 nardo
610 521 703 586 bustis
717 521 857 601 inferens,
878 526 1076 588 memorando
1084 526 1189 590 funere
1201 531 1391 592 consecra&

337 631 526 720 Tentatoque
542 654 603 718 per
626 631 750 718 longum
771 633 841 698 iter.
884 631 999 698 Mallet
1013 633 1175 713 Heinsius,
1189 637 1310 702 itinere.
1340 637 1440 703 Nihil

293 742 483 806 mutaverim.

339 851 452 917 Subire
460 853 601 938 patrium
614 875 731 938 corpus.
775 851 912 917 Pessime
928 855 1068 918 emendat
1089 854 1264 936 Salmasius,
1287 857 1437 934 rabiem,

295 964 378 1049 quod
392 961 554 1047 antiquitus
567 963 681 1026 dictum
697 983 765 1047 pro,
782 961 941 1048 dudjr'cere.
984 963 1099 1028 Subita
1106 967 1248 1048 patrium
1261 989 1380 1052 corpus,
1400 983 1438 1032 ut

296 1074 378 1138 recte
392 1071 525 1157 explicat
539 1070 755 1150 crumenas,
769 1086 816 1136 est
829 1073 941 1135 “dorso
951 1072 1059 1137 efferre
1065 1071 1093 1139 :”
1104 1074 1187 1138 haud
1195 1074 1280 1140 aliter
1289 1075 1437 1160 Virgilius

297 1181 419 1246 AEneid.
445 1203 493 1245 lv.
515 1191 588 1254 599.

443 1402 462 1431 ‘⁸
477 1398 572 1465 Quem
586 1369 699 1457 subiisse
713 1397 837 1459 humeris
849 1399 1013 1459 contectum
1026 1407 1110 1460 etate
1120 1407 1296 1478 parantem?

300 1597 353 1664 De
367 1603 425 1665 lroc
441 1625 561 1688 quoque
574 1627 627 1668 usu
649 1605 715 1669 vide
726 1606 965 1686 Artemidorum,
986 1605 1196 1671 Oneirocritic.
1213 1629 1263 1670 ιν.
1286 1615 1342 1680 49.
1363 1629 1436 1670 non-

299 1710 381 1775 nulla
394 1725 424 1776 et
437 1736 514 1776 nova
528 1715 565 1777 de
581 1713 726 1780 Phoenice
741 1715 940 1781 effutientem.

342 1821 448 1908 Atque
469 1822 598 1888 adolere.
643 1825 767 1890 Frustra
792 1839 888 1890 tentat
919 1826 969 1891 Cl.
999 1826 1142 1910 Ryclrius,
1174 1837 1266 1912 atque
1294 1823 1434 1890 evolare:

299 1932 454 2016 quomodo
471 1932 601 1998 Phoenix
625 1933 755 2018 patrium
779 1959 891 2021 corpus
916 1935 1037 2000 adolere
1050 1935 1145 2019 possit
1169 1959 1231 1998 non
1246 1935 1434 2019 imaginatur.

300 2038 414 2126 Neque
448 2041 480 2105 id
513 2041 756 2128 imaginandum:
795 2045 872 2110 iuter
904 2059 950 2111 tot
977 2043 1093 2110 fabulas
1120 2043 1195 2130 quid
1222 2044 1373 2130 scriptum
1398 2045 1434 2109 sit

301 2163 455 2235 quaritur.

345 2369 434 2434 Cre.
448 2378 501 2443 29.
525 2369 631 2438 Romu
646 2371 723 2437 ccede
737 2374 891 2440 contineri.
935 2371 1032 2438 Bene.
1055 2375 1088 2438 N
1090 2396 1126 2438 ee
1140 2374 1327 2452 tentandum,
1349 2372 1435 2438 cada

302 2479 458 2558 continua,
481 2479 528 2544 vel
542 2483 700 2546 continue.

347 2587 488 2654 Pretium
492 2589 681 2676 fistiuundr'.
725 2591 851 2658 Utinam
865 2592 945 2656 solas
964 2594 1088 2658 virtutes
1110 2593 1305 2678 loquerentur
1328 2604 1432 2654 nostre

300 2697 413 2764 litere!
458 2698 503 2763 At
530 2699 611 2764 nulla
636 2715 738 2785 potest
763 2725 828 2768 esse
855 2702 1012 2766 hominurn
1038 2701 1173 2778 historia,
1206 2701 1282 2786 quin
1309 2700 1434 2784 plurima

301 2821 463 2874 occurrant
487 2808 609 2875 scelera.
653 2810 732 2876 Haec
758 2812 835 2876 inter
865 2811 1083 2878 numeraverim
1112 2812 1236 2876 efferam
1259 2808 1432 2874 voluntarie

302 2919 408 2984 mortis
432 2917 586 3000 insaniam,
618 2895 709 3006 quam
733 2924 806 2987 edm
824 2921 927 2988 multis
940 2922 1094 2987 laudatam
1108 2919 1283 3006 repererim,
1303 2920 1354 2984 hle
1377 2943 1434 2985 nou

303 3028 409 3095 silebo.

363 3555 432 3623 DE
457 3554 777 3625 VOLUNTARIA
800 3555 982 3642 MORTE,
1004 3557 1097 3649 ordgd
1117 3557 1384 3627 “solemur

301 3893 304 3900 '
348 3891 402 3956 Ob
426 3887 593 3977 inauditnm
617 3879 726 3970 scelus,
756 3903 809 3954 ant
830 3913 995 3978 numquam
1015 3889 1070 3956 nisi
1096 3889 1212 3955 virtutis
1233 3891 1437 3976 desperatione

289 3985 422 4092 ¹riusuru,
445 4022 481 4064 ae
494 3999 621 4085 proinde
642 3997 835 4081 rarissimum,
856 3999 946 4066 nulla
960 3999 992 4065 in
1010 4001 1169 4086 republied
1195 4002 1338 4090 Rornml
1358 4001 1437 4085 leger

178 4157 189 4176 .
223 4099 224 4104 ἵ
300 4101 432 4200 'extitere
465 4111 604 4175 adversus
629 4134 691 4192 eos,
725 4111 777 4198 qui
800 4109 858 4175 sibi
881 4109 1025 4176 violentas
1048 4134 1154 4175 manns
1172 4111 1325 4178 afferrent.
1370 4110 1439 4175 Hu-

306 4220 416 4308 manda
443 4241 583 4306 corpora,
615 4244 755 4286 mansura
779 4232 967 4314 testamenta,
996 4236 1164 4310 properate
1188 4219 1293 4314 mortis
1318 4220 1439 4306 premia

307 4326 392 4397 luere
406 4332 463 4398 sub
477 4313 738 4422 Imperatorum·
748 4355 879 4423 quorum
892 4327 1040 4402 intererat
1046 4338 1101 4421 per
1121 4335 1167 4400 tas
1189 4331 1230 4399 et'
1240 4330 1328 4400 nefas
1346 4317 1440 4398 domi-
