3200 5509
315 534 375 589 314
673 526 708 582 C.
728 523 925 583 CORNELII
945 522 1081 582 'l'AClTl
1222 529 1260 584 Α.
1273 525 1311 584 U.
1324 528 1358 586 C.
1370 533 1434 592 7⁸5.

311 683 364 755 nis
375 680 529 754 habebat.
558 679 727 772 Tuncque
742 675 894 772 primbm
907 675 1022 774 ignota
1033 675 1111 750 anti
1128 679 1293 750 vocabula
1307 697 1435 775 reperta

311 793 631 883 cancellariorum
647 808 680 862 et
695 791 943 885 spintriarum:
956 817 1001 864 ex
1017 789 1168 864 foeditate
1184 792 1250 864 loci
1265 817 1305 864 ac
1327 793 1436 864 multi·

311 909 390 1006 plici
405 903 562 1004 patientiis
574 907 608 976 :⁸
624 900 860 1000 praepositique
876 903 963 979 servi
980 903 1039 1000 qul
1052 921 1255 1001 quaererent,
1267 905 1436 1000 pern-ahe-

312 1039 409 1094 rent:
435 1022 526 1090 dona
550 1018 585 1088 in
610 1033 775 1112 promtos‚
801 1017 908 1088 minas
924 1019 1108 1091 adversum
1128 1021 1336 1108 abnuentes;
1363 1019 1437 1092 etsi

311 1135 494 1208 retinerent
513 1131 724 1231 propinquus
740 1147 796 1202 aut
813 1155 946 1225 parens,
969 1132 1050 1221 vim,
1072 1147 1201 1228 raptus,
1225 1157 1354 1229 suaque
1378 1132 1437 1230 ipsi

312 1249 427 1335 libita‚³
448 1245 587 1344 velutin
604 1262 731 1354 captos,
748 1247 961 1319 exercebant.
1078 1321 1082 1329 ,
1196 1312 1200 1321 .

360 1487 395 1547 2.
420 1478 482 1546 Ar
501 1473 629 1545 R'oun
647 1471 812 1568 principio
827 1471 917 1560 anni,
932 1471 1028 1568 quasi
1043 1497 1162 1547 recens
1175 1475 1317 1573 cognitis
1332 1474 1434 1549 Liviae

310 1588 469 1686 flagitiis,⁴
479 1612 518 1660 ac
534 1610 605 1658 non
616 1583 748 1680 pridem
760 1584 860 1656 etiam
869 1585 1008 1680 punitis,
1025 1603 1154 1659 atroces
1165 1589 1339 1662 sententiar
1351 1589 1437 1662 dice·

309 1706 448 1792 bantur,
469 1700 512 1796 ing
529 1699 655 1796 effigies
681 1723 819 1793 quoque
843 1722 882 1769 ac
909 1699 1107 1770 memoriam
1130 1704 1222 1798 ejus:
1249 1719 1283 1774 et
1308 1705 1438 1776 “bona

310 1825 336 1860 “
352 1814 463 1912 Sejaui
478 1812 587 1886 ablata
602 1810 747 1899 aerario,5
763 1827 802 1882 ut
817 1812 987 1884 infiscum
1003 1817 1247 1910 cogerentur,’'
1264 1832 1437 1912 tamquam

309 1926 462 2001 referret.
513 1925 684 2020 Scipiones
701 1925 789 2013 haec,
806 1943 840 1999 et
856 1927 972 2014 Silani,
992 1945 1026 2000 et
1043 1927 1162 2015 Cassii,
1178 1927 1299 2001 iisdem
1314 1926 1437 2017 fer-inc,

307 2060 367 2114 aut
392 2040 533 2136 paulum
556 2039 739 2126 immutatis
765 2040 878 2114 verbis
910 2041 1159 2116 adseveratione
1187 2041 1296 2113 multi
1325 2065 1438 2116 cense-

309 2157 412 2244 bant3
440 2155 525 2232 edm
549 2153 689 2248 repente
715 2153 893 2250 Togonius
920 2155 1055 2242 Gallus,
1084 2155 1168 2225 dum
1193 2154 1438 2252 ignobilitatem

308 2293 404 2341 suam
427 2266 558 2366 magnb
582 2267 775 2339 nominibus
798 2267 925 2355 inserit,
954 2291 1016 2364 per
1040 2268 1266 2341 deridiculum
1289 2269 1437 2342 auditur.

308 2383 401 2455 Nam
425 2381 616 2477 Principem
637 2384 766 2468 orabat,
791 2390 817 2425 “
834 2383 983 2480 deligere
1000 2397 1182 2484 senatores,
1208 2408 1253 2454 ex
1279 2380 1377 2478 queis
1394 2385 1439 2456 vi·

309 2503 335 2538 “
351 2495 435 2594 ginti
450 2511 542 2570 sorte
557 2493 662 2582 ducti,
679 2510 718 2565 et'
728 2491 822 2566 ferro
837 2495 989 2583 accincti,
1000 2494 1155 2592 quotiens
1171 2495 1299 2568 curiam
1310 2495 1439 2586 inisset,

308 2617 335 2652 “
351 2609 493 2683 salutent
509 2609 581 2704 ejus
596 2604 817 2680 defenderent
828 2609 865 2680 :''
884 2608 1071 2681 crediderat
1086 2609 1247 2680 nimirum
1259 2604 1441 2705 epistolae,⁶

309 2721 500 2796 “subsidio
514 2719 577 2792 subi
588 2719 737 2797 ⁴alterum
752 2745 797 2795 ex
814 2721 1034 2794 consulibus”
1051 2721 1231 2816 poscentis,
1248 2727 1274 2764 ‘⁴
1290 2739 1330 2794 ut
1346 2740 1438 2798 tutus

308 2841 334 2878 “
352 2833 374 2904 ὲ
391 2832 530 2929 Capreis
545 2833 679 2904 Urbem
696 2835 861 2927 peteret.”
911 2833 1069 2908 Tiberius
1089 2849 1202 2906 tamen
1222 2833 1369 2908 ludibria
1389 2862 1437 2909 se·

307 2946 367 3020 riis
396 2946 599 3042 permiscere
623 2945 753 3034 solitus,
777 2947 846 3045 egit
871 2964 983 3044 grates
1008 2949 1251 3022 benevolentia:
1277 2966 1435 3045 patrum:

308 3067 335 3138 Ψ(
351 3062 412 3135 sed
434 3085 522 3157 quos
539 3058 648 3132 omitti
671 3060 793 3156 posse?
818 3087 906 3158 quos
929 3062 1055 3162 deligi?
1079 3086 1257 3159 semperne
1273 3061 1435 3136 coedent?

362 3288 373 3316 ¹
399 3290 578 3352 Sellariorum
605 3302 633 3351 et
656 3293 847 3369 spintriarum.
893 3297 996 3372 ltaque
1009 3293 1076 3356 culm
1090 3294 1208 3370 sejanus
1228 3311 1286 3352 non
1307 3295 1368 3352 tam
1387 3311 1435 3369 op·

308 3369 381 3428 Haec
396 3369 533 3448 Principis
544 3382 573 3427 ct
587 3384 695 3430 neturae
714 3373 846 3431 dehones-
894 3377 979 3452 pressi
991 3374 1100 3452 populi,
1112 3373 1200 3452 quim
1217 3374 1289 3432 laesae
1305 3373 1435 3446 majesta-

307 3462 441 3519 omenta,
457 3469 521 3526 quoe
540 3451 625 3508 etium
638 3451 780 3527 appellare
792 3472 846 3529 pu·
896 3454 929 3511 tis
951 3473 1014 3511 rous
1035 3455 1195 3524 haberetur,
1222 3463 1369 3526 totamque
1387 3451 1435 3507 do-

307 3527 366 3597 det,
380 3529 468 3588 luridi
481 3543 604 3590 moeones
616 3531 696 3590 Suet.
709 3531 846 3594 inTiber.
894 3551 973 3592 mum
997 3532 1206 3610 imperatorium
1223 3531 1363 3608 perditam
1386 3547 1436 3586 uo·

309 3623 406 3666 xnru.
484 3618 489 3626 ’
894 3611 1000 3680 luisset,
1013 3613 1087 3671 bona
1097 3612 1206 3686 ejuscx
1220 3608 1435 3680 aercrioauma,

355 3685 370 3710 ²
395 3685 552 3765 Multiplici
568 3688 717 3765 patientid.
744 3687 846 3748 Multi·
895 3701 928 3746 ut
940 3691 968 3747 in
982 3689 1081 3748 fiscum
1091 3697 1265 3764 cogerentur.
1306 3687 1434 3764 Haecque

302 3762 388 3845 plici,
400 3767 425 3824 ri
434 3767 550 3844 quidem
560 3769 647 3828 etiam
658 3769 800 3842 muliebri,
814 3781 847 3830 ut
893 3769 1046 3844 gmviuuni
1061 3779 1199 3826 semrom
1215 3767 1373 3843 Scipiones,
1393 3767 1434 3823 Si-

305 3845 545 3953 explicatilluatt.
558 3846 691 3904 lluetius.
894 3847 962 3919 luni,
988 3847 1086 3917 Cassii,
1110 3847 1317 3905 adseveratione
1345 3840 1434 3902 multi

374 3925 500 4002 Suoquei
537 3925 643 3986 'libito
657 3927 783 4005 Suntque
791 3926 845 4004 ipsi
893 3945 1041 3986 censuere:
1068 3925 1146 4004 parri
1166 3935 1259 3984 tamen
1281 3924 1432 3990 referebctr

306 3999 447 4061 libidines.
487 3945 617 4063 §diuite
625 4005 728 4063 Annei.
742 4023 803 4063 xn.
816 4001 845 4064 6.
893 4023 958 4064 narn
971 4008 1026 4064 sub
1039 4005 1145 4063 Tiberii
1160 4005 1322 4082 principatu
1341 4002 1433 4060 aemri·

306 4081 845 4220 Agrigi'conjugerpdlibgaconjrguro.
894 4104 953 4223 pm,
974 4083 1068 4175 meus,
1081 4094 1231 4162 ceteraque
1247 4083 1433 4142 omniserunt

405 4179 467 4218 moe
568 4182 612 4220 ur.
667 4181 724 4221 rusi
738 4178 845 4233 uxoris,
918 4181 988 4220 nncr
1010 4181 1042 4222 rs.

305 4241 408 4298 sororis
422 4163 594 4311 Gerdbbici
606 4243 635 4299 in
651 4242 752 4318 sejano
763 4243 846 4303 adul·
940 4237 954 4270 ⁶
972 4181 1137 4301 Clodiderct
1156 4241 1282 4300 nimirum
1304 4239 1432 4316 epistole.

305 4330 382 4391 teror,
404 4321 466 4396 ejus
486 4319 623 4378 scelerum
646 4329 674 4377 et
698 4340 843 4398 poenarum
894 4321 1027 4398 Epistolae
1057 4321 1174 4392 Tiberii,
1206 4317 1345 4397 poscentis
1379 4317 1430 4374 sibi

305 4399 399 4457 sociae.
439 4399 514 4456 Vide
526 4400 626 4476 Suppl.
640 4399 702 4458 Lib.
718 4419 747 4459 r.
760 4407 809 4460 44.
892 4401 1018 4458 subsidio
1031 4401 1152 4460 alterum
1173 4401 1189 4458 ὲ
1207 4398 1380 4466 consulibus,
1400 4405 1430 4454 ul

344 4473 356 4511 ⁵
379 4477 484 4537 Ablata
502 4479 609 4536 erario.
631 4479 772 4538 AErarium
792 4499 843 4557 po-
893 4479 1040 4556 bCapreis
1056 4479 1219 4548 discederet,
1239 4487 1268 4536 et
1288 4485 1368 4536 tutus
1378 4473 1430 4532 Ur·

304 4555 377 4636 puli,
389 4556 474 4617 fiscus
486 4551 628 4634 Principis
637 4573 706 4632 nat,
718 4571 752 4618 ut
764 4569 842 4638 patet
892 4559 955 4618 bem
1005 4569 1084 4619 teret
1117 4553 1361 4636 Deltoepistolt
1369 4551 1429 4612 ride

304 4655 340 4696 ex
365 4629 458 4698 Plinio
492 4635 524 4694 in
557 4638 694 4718 Panegyr.
723 4655 842 4700 xxxvi.
891 4637 1178 4720 Supp.l.ib.v.37.
