3200 5509
240 278 242 285 Ι
301 200 360 259 nn
382 192 652 258 unvanus.
673 197 708 256 e.
729 196 853 256 coru.
872 196 1018 257 sieut.
1171 201 1226 290 ⁵³¹

93 344 245 417 ntiomm
266 349 397 415 finnsre.
441 349 578 414 Firmott
602 349 676 414 lieet
699 347 913 428 dominatione,
945 348 1090 432 gliscente
1112 346 1142 411 in
1167 348 1231 412 dies

94 483 191 546 opum
220 459 373 545 cupidine,
408 459 505 523 sanxit
540 458 721 529 Antoninus,
758 461 878 522 duobus
912 459 1021 543 Aspris
1055 457 1232 522 consulibus

94 570 136 635 A.
161 570 203 635 U.
231 570 270 636 C.
284 572 359 643 965.
389 569 423 634 J.
448 567 487 632 C.
512 577 586 632 212.
609 571 690 632 bona
712 590 830 647 eorum,
862 570 915 654 qui
937 567 1115 632 conscientie
1135 564 1233 630 delati

94 681 276 767 admissique
290 679 435 757 criminis,
456 677 720 764 metuquefuturst
738 679 891 743 sententie
912 701 1018 742 manus
1041 679 1101 744 sibi
1121 674 1234 741 intule-

94 802 179 871 runt,
208 791 285 854 fisco
309 788 462 853 vindicari.
507 787 624 852 Eorum
649 789 732 866 vero,
767 785 830 873 qui,
859 786 945 851 nullo
971 787 1071 851 delato
1093 787 1230 865 crimine,

94 897 198 964 doure
211 898 315 985 aliquo
329 898 472 982 corporis,
494 908 548 960 urst
564 897 650 962 tedio
661 899 741 976 vite,
763 895 946 984 urstfurore,
968 876 1017 961 vel
1029 896 1160 977 insaniet,
1174 906 1231 961 eut

94 1007 199 1096 aliquo
222 1031 303 1086 cusu,
331 1009 427 1071 uitam
440 1005 550 1091 finisse
573 1005 768 1085 constiterint,
799 1007 878 1070 bone
903 1015 967 1070 tum
992 1029 1028 1070 es
1047 1017 1231 1085 testamento,

94 1118 185 1205 quum
209 1117 249 1181 ab
272 1118 424 1194 intestato,
447 1116 489 1181 ad
501 1139 672 1181 successores
691 1116 850 1201 pertinere,
873 1116 953 1181 Cod.
970 1137 1021 1197 tx.
1042 1116 1108 1180 Tit.
1121 1125 1172 1180 50.
1195 1116 1232 1181 de

93 1224 181 1290 ὒοννίν
192 1249 296 1290 eorum
310 1227 364 1312 qui
374 1237 498 1292 mortem
510 1227 570 1291 sibi
584 1228 800 1291 consciverunt.

139 1335 235 1420 Apud
249 1358 304 1399 nos
318 1335 486 1400 consultius
497 1335 650 1420 provisum
665 1349 699 1399 ut
713 1334 744 1398 in
755 1357 818 1414 eos,
840 1336 891 1421 qui
905 1336 961 1400 sibi
976 1350 1104 1400 mortem
1115 1335 1230 1404 consci-

95 1445 216 1523 vissent,
238 1444 294 1509 nisi
320 1445 344 1508 si
368 1446 399 1507 id
424 1467 494 1508 casu
519 1456 571 1508 arrt
595 1448 705 1508 morbo
730 1445 907 1528 contigerat,
938 1445 1230 1509 animadverteretur.

86 1554 305 1618 -Volnntarism
330 1553 410 1617 enim
430 1565 563 1616 mortem
586 1553 663 1618 sanis
687 1569 718 1618 et
742 1555 858 1618 ratione
880 1555 1031 1619 utentibus
1058 1553 1230 1618 hominibus
1318 1600 1320 1607 s

97 1662 212 1728 licitam
225 1685 291 1726 esse
306 1663 443 1726 Stoicum
469 1674 499 1724 et
521 1663 649 1747 impium
664 1677 710 1727 est
723 1662 877 1747 placitum.
921 1664 954 1727 N
956 1687 991 1727 ec
1005 1663 1171 1728 remedium
1185 1677 1231 1726 est

41 1832 45 1839 ,
97 1771 200 1849 animi,
237 1773 289 1836 sed
316 1774 409 1859 furor,
447 1771 550 1848 Plinii,
587 1793 723 1836 xxvnt.
749 1785 776 1836 1.
812 1773 976 1837 sententia:
1007 1780 1073 1835 “ex
1089 1772 1231 1836 omnibus

97 1881 194 1961 bonis,
217 1905 284 1967 qnae
307 1880 423 1945 homini
447 1880 552 1944 tribuit
575 1892 690 1961 natura,
711 1881 828 1946 nullum
846 1883 953 1946 melius
971 1905 1038 1946 esse
1052 1881 1231 1966 tempestiva

98 2004 214 2055 morter
236 1990 327 2075 idque
346 1990 378 2054 in
400 1990 439 2054 ei
464 1989 625 2078 optimum,
647 1990 729 2082 quod
750 1990 833 2056 illam
859 1991 915 2057 sibi
941 1993 1067 2078 quisque
1090 2004 1233 2077 praestare

99 2100 241 2190 poterit?
1229 2117 1231 2121 ’

104 2231 109 2241 ·
142 2209 252 2274 Verius
272 2211 494 2296 ⁴Plrilosophiae
522 2235 671 2298 proceres,
709 2214 850 2279 Socrates
886 2217 968 2300 apud
1005 2213 1168 2278 Platonem
1200 2210 1232 2276 in

103 2319 267 2399 Phoedoue,
290 2345 319 2406 p.
335 2322 387 2387 62ss
409 2322 481 2386 Vol.
497 2344 521 2386 1.
544 2322 593 2401 Μνί
608 2325 712 2406 θεμιτὸν
733 2325 798 2388 εἶναι
822 2326 915 2388 lauris
933 2325 1075 2404 βιάζεσθαι
1090 2355 1163 2378 m·
1177 2324 1233 2395 Ὡς

100 2430 191 2496 isnin
207 2437 314 2520 ᾠρνυςᾷ
327 2434 409 2515 ἐσμὲν
429 2439 452 2496 ot
467 2430 610 2520 ἄνθρωπον,
633 2436 680 2497 καὶ
695 2439 724 2498 ον’
748 2438 787 2498 δεῖ
809 2435 840 2512 δή
861 2436 955 2498 ἑαυτὸν
978 2438 1010 2496 ἐκ
1032 2432 1134 2509 ταύτης
1148 2430 1232 2508 nisse,

101 2540 156 2604 οόδ’
170 2541 386 2629 ἀποδιδράσκειν.
430 2549 449 2580 “
461 2542 495 2606 N
497 2566 537 2607 ou
563 2542 636 2608 licet
659 2543 716 2608 sibi
740 2542 883 2608 violentas
897 2567 1004 2607 manus
1016 2542 1126 2607 inferre
1145 2573 1174 2597 ο·
1187 2540 1234 2605 Ut

101 2652 133 2716 in
148 2652 280 2736 quldom
295 2652 433 2718 custodiit
449 2675 505 2717 nos
517 2655 655 2719 homines
668 2676 791 2735 sumus3
811 2676 866 2717 nec
890 2655 977 2718 decet
999 2675 1181 2739 quemquam
1196 2674 1233 2715 ex

99 2761 158 2824 huc
183 2761 340 2846 seipsum
363 2762 489 2842 solvere,
521 2786 619 2848 neque
641 2764 812 2845 aufugere?
862 2763 1040 2828 Aristoteles
1069 2762 1171 2827 Ethic.
1196 2763 1235 2824 ad

101 2868 231 2934 Nicom·
261 2889 317 2932 111.
345 2880 393 2934 lt.
435 2872 471 2934 Τὸ
494 2874 514 2934 δ’
536 2871 710 2949 ἀποθνήσκειν
738 2871 878 2957 Φεύγοντπ
899 2872 1001 2951 πενίαν,
1019 2871 1039 2948 ἦ
1055 2871 1153 2959 ἔρωτα,
1176 2872 1193 2948 ἥ
1205 2898 1233 2934 ss

101 2978 232 3067 λυπηρὰν,
254 2980 447 3067 ον’κᾶνδρείον,
470 2986 549 3044 ἀλλὰ
562 2986 674 3062 μᾶλλον
688 2985 787 3044 δειλοῦ.
833 2982 1052 3069 Μαλακῖαγνὶρ,
1074 2980 1107 3045 ro*
1123 2981 1234 3067 Φεῦγννν
1327 2992 1331 2997 ’

101 3093 140 3152 sul
153 3088 282 3152 ἐπίπονα·
296 3091 343 3152 καὶ
353 3092 417 3176 οὐχ’
434 3089 473 3154 i'rs
489 3088 736 3173 sustinetsustinet,
759 3093 838 3154 ἀλλὰ
854 3093 963 3178 esayas
977 3092 1072 3155 κακόν.
1114 3099 1134 3131 “
1147 3090 1235 3154 Mori

104 3201 147 3262 ob
170 3199 316 3283 inopiam,
338 3215 391 3264 aut
405 3224 550 3279 amorem,
572 3213 623 3264 ant
637 3199 718 3264 aliud
732 3200 905 3275 molestum,
926 3224 986 3264 non
1010 3213 1055 3263 est
1070 3201 1154 3263 fortis
1169 3198 1235 3279 viri,

101 3309 156 3372 sed
169 3308 274 3373 timidi.
320 3309 471 3374 Mollities
493 3310 573 3375 enim
596 3325 652 3391 est,
674 3313 778 3394 fugere
800 3334 928 3395 operosa
947 3323 981 3374 et
994 3334 1117 3396 aspern3
1139 3332 1236 3396 neque

102 3432 243 3498 mortem,
275 3433 307 3485 ut
341 3422 454 3484 bonum
488 3421 623 3501 sustinet,
664 3423 717 3486 sed
740 3415 852 3485 malum
887 3422 995 3505 fugit.'’
1038 3422 1236 3504 Pythagoras,

102 3526 242 3591 laudatus
264 3529 445 3594 leicerone
460 3531 498 3594 de
521 3530 642 3600 Senect.
668 3552 803 3595 axxur.
837 3538 859 3569 “
873 3546 953 3596 vetat
972 3532 1083 3617 injussu
1106 3531 1237 3615 impera-

105 3636 208 3715 toris,’'
243 3637 274 3701 id
298 3651 353 3718 est,
389 3647 411 3680 “
426 3640 498 3721 Dei,
520 3642 558 3704 de
583 3640 724 3726 praesidio
748 3654 779 3705 et
808 3640 935 3705 statione
970 3642 1036 3706 vitae
1064 3640 1238 3706 decederet·

102 3742 238 3832 Ipseque
251 3747 412 3829 Tullius,
404 3772 435 3814 111
458 3751 577 3815 somnio
602 3750 738 3836 Scipion.
754 3771 820 3814 vn.
841 3757 861 3787 “
877 3750 942 3814 Piis
956 3751 1096 3816 omnibus
1110 3749 1238 3813 retinen·

100 3855 160 3917 dns
180 3869 226 3920 est
241 3856 356 3925 animus
370 3859 401 3923 in
424 3860 562 3927 custodit
575 3860 729 3947 corporis:
753 3882 808 3923 nec
829 3859 942 3945 injussu
964 3862 1042 3948 ejus,
1063 3859 1083 3925 l
1105 3881 1205 3944 quo
1189 3857 1243 3923 ille

101 3976 151 4027 est
164 3965 249 4031 vobis
264 3968 360 4048 datus,
382 3993 418 4033 ex
434 3971 590 4035 hominum
605 3970 666 4033 vita
681 3969 870 4054 migrandum
883 3981 938 4049 est,
960 3994 1000 4037 ne
1017 3992 1137 4046 munus
1134 3935 1247 4035 humi-

100 4096 176 4138 uum
184 4076 381 4161 assignatum
379 4077 404 4143 l
418 4080 489 4143 Deo
503 4079 604 4144 defus'
576 4103 653 4165 gisae
667 4078 858 4149 videamini?
1360 4056 1364 4064 Ι

149 4183 268 4251 Pudeat
303 4190 378 4275 ergo
413 4213 544 4275 nuperos
580 4190 753 4255 voluntariae
779 4190 887 4254 mortis
914 4207 1025 4292 patrQ
1024 4233 1102 4307 „obs
1131 4144 1274 4248 intell&

104 4291 251 4377 homines,
273 4319 329 4382 pro
344 4300 454 4386 patriti,
476 4324 533 4386 pro
558 4297 682 4382 familia,
703 4325 760 4388 pro
782 4323 825 4380 ee,
853 4299 927 4368 nihil
954 4316 1153 4466 amq&
1171 4279 1296 4348 s'xrxlnat
1359 4331 1361 4334 .
