3200 5509
167 526 201 586 J.
214 526 249 585 C.
261 529 313 584 38.
480 521 703 582 ANNtLttJtt
723 520 843 582 LIBER
855 518 1023 580 SEXTUS.
1232 513 1292 590 tt?

168 677 250 752 dein
264 673 403 752 redditis
416 674 696 750 absendmcausis
710 666 900 748 admodum
921 675 1027 774 vagis,
1041 671 1136 748 flexit
1150 674 1291 774 adgra-

166 792 277 881 vion,
309 809 344 866 et
374 791 575 866 offendoaes
596 793 643 866 ob
665 791 910 888 rempublicam
933 794 1107 885 coeptas:¹¹
1142 797 1291 888 “utque

169 913 198 948 “
214 908 336 978 Macro
349 903 551 1002 prefectus.
566 904 848 1001 tribunorumque
873 921 908 976 et
925 903 1161 978 centurionum
1180 903 1292 1000 pauci,

168 1026 199 1080 ‘-‘
213 1043 331 1092 secum
344 1019 534 1107 introirent,
557 1017 711 1115 quotiens
728 1019 857 1090 curiam
878 1017 1149 1116 ingrederentr‚”
1165 1017 1291 1114 petivit.

168 1133 342 1230 Factaque
357 1129 479 1230 large:
499 1149 534 1210 et
548 1131 620 1206 siae
634 1131 885 1229 prascriptione
899 1131 1044 1230 generis,
1066 1149 1125 1206 aut
1145 1131 1292 1220 numeri,
1359 1215 1363 1228 Ι

168 1247 473 1333 semtusconsulto‚
508 1268 553 1318 ne
579 1262 668 1319 tecta
691 1245 829 1342 quidem
857 1243 976 1334 Urbis,
1008 1245 1094 1318 adeo
1117 1245 1292 1342 publicum

168 1360 350 1434 consilium
388 1383 576 1456 numquam
606 1358 699 1448 adiit,
744 1359 848 1434 deviis
884 1359 1086 1460 plerumque
1120 1359 1293 1434 itineribus

123 1547 128 1554 ,
170 1475 350 1572 ambigens
364 1464 507 1571 patriam
521 1489 555 1546 et
570 1471 751 1548 declinans.

172 1747 181 1756 ·
225 1711 282 1776 16.
306 1705 483 1776 murare
498 1725 622 1800 magna
636 1700 687 1774 ris
700 1719 934 1776 accusatorum
948 1701 984 1776 in
999 1727 1057 1776 eos
1072 1702 1209 1800 inrupit,
1233 1703 1293 1802 qui

169 1815 331 1914 pecunias
341 1815 475 1890 foenore
485 1817 700 1908 auctitabant,
714 1819 897 1892 adversum
909 1819 1021 1916 legem
1035 1818 1204 1892 dictatoris
1216 1822 1293 1892 Cae·

168 1928 347 2028 adaqut
358 1938 384 1974 ‘⁶
395 1931 438 2002 de
451 1931 555 2002 modo
566 1930 738 2020 credendi,
747 1931 1005 2029 possidendique
1016 1935 1027 1975 ³
1039 1931 1129 2007 inou-
1138 1931 1292 2007 ltaliam”

169 2107 243 2165 festo
274 2118 412 2188 apparatu
449 2111 555 2187 nuptiae.
587 2124 708 2188 peraeta
757 2122 824 2173 tur:
842 2133 894 2190 prr
920 2115 1079 2188 eorfierent
1103 2113 1293 2172 crematione

169 2201 249 2258 sunt
270 2201 298 2245 et
311 2187 344 2245 e'o
363 2193 425 2267 ipso
437 2189 482 2246 die
493 2201 604 2248 moetus
617 2211 651 2248 ac
660 2193 710 2267 ju·
753 2194 949 2270 porresuonum
963 2201 990 2250 ct
1004 2212 1103 2264 rerum,
1114 2191 1210 2268 quanti
1222 2211 1293 2268 quc·

170 2268 254 2326 dicia
264 2267 372 2341 habits,
385 2271 453 2340 Dio,
465 2288 558 2328 avrti.
570 2289 599 2348 p.
611 2267 680 2330 634.
756 2292 808 2349 que
820 2291 912 2332 comm
925 2279 989 2330 oute
1001 2273 1098 2330 delium
1097 2271 1236 2350 juberet,
1248 2278 1292 2328 ut·

757 2369 809 2426 que
825 2370 862 2409 eoe
879 2350 1058 2410 creditoribus
1072 2351 1291 2420 transducatur,

216 2422 227 2451 ¹
249 2425 289 2483 ot
303 2427 493 2502 rempublicam
509 2437 618 2505 ceptus.
639 2429 708 2499 Alii,
758 2431 853 2487 Caesar
873 2430 907 2487 de
926 2429 1006 2487 Bello
1026 2431 1088 2487 Clu.
1109 2447 1160 2488 111.
1178 2437 1204 2486 1.
1246 2430 1291 2486 lta

168 2512 280 2580 captur,
310 2506 360 2564 alii
381 2516 520 2584 succeptus
550 2509 707 2566 emendant
758 2519 852 2568 tamea
860 2509 1049 2584 meditatibus
1063 2509 1180 2580 mditae,
1190 2517 1223 2568 ut
1234 2509 1291 2586 pri·

173 2584 260 2642 Nihil
272 2587 450 2644 mutandum.
479 2587 708 2664 Opiniosissimus
759 2589 792 2646 ils
816 2588 969 2646 deductum
992 2589 1077 2646 fuerit
1100 2607 1207 2647 rumora
1227 2587 1291 2646 aris

171 2682 212 2720 ac
237 2663 476 2742 suspicacissimus
509 2665 640 2744 Princeps
666 2667 708 2724 vel
758 2666 877 2724 olieniri
889 2665 954 2744 quid
972 2687 1062 2726 ururoe
1081 2667 1186 2724 nomiae
1201 2687 1291 2730 aume-

168 2743 298 2818 fingebat
321 2745 490 2813 offensiones,
524 2746 570 2801 vel
604 2759 709 2822 ereptas
758 2753 850 2803 rutum
882 2753 932 2802 aut
959 2747 1141 2822 perscriptum
1163 2745 1289 2824 fuisset:
1317 2807 1322 2814 ,

171 2823 365 2882 existimabat.
416 2823 532 2900 Hasquc
552 2843 648 2881 omnes
672 2828 709 2882 ob
759 2823 814 2901 qud
839 2825 992 2882 conditione
1016 2835 1116 2902 quartu
1139 2845 1208 2902 pars
1222 2825 1291 2904 ferd

171 2901 296 2959 ninnium
329 2921 414 2960 suum
448 2903 476 2958 in
507 2903 710 2979 rempublicam
759 2904 859 2962 crediti
879 2903 1028 2980 deperibat,
1047 2903 1162 2963 Sueten.
1183 2905 1212 2961 in
1230 2905 1292 2968 lul.

170 2979 301 3039 studium
316 2981 407 3058 parari
419 2983 613 3040 contendebat.
762 3000 843 3041 ann.
864 2983 934 3040 llaec
954 2983 1068 3060 quidem
1082 2985 1117 3044 de
1129 2983 1213 3041 modo
1233 3003 1293 3044 crc-

174 3080 178 3086 ’
218 3056 232 3084 ²
252 3060 390 3137 factoque
410 3061 497 3138 largi.
521 3061 616 3118 Patres
634 3079 712 3118 sena·
759 3061 861 3130 dendi;
881 3080 956 3120 nunc
970 3063 1035 3120 verb
1048 3063 1170 3140 quodad
1190 3083 1293 3140 posses·

173 3139 385 3198 tusconsultum
405 3138 530 3196 lecerunt
551 3140 712 3216 largimimd,
758 3141 863 3198 donem
876 3151 999 3218 spectat:
1014 3141 1081 3200 edm
1093 3141 1207 3219 plurimi
1218 3163 1293 3220 mag-

173 3231 207 3276 et
219 3219 278 3276 sine
292 3218 353 3276 ulla
370 3219 579 3296 prascriptione
597 3221 712 3294 generis,
760 3239 825 3277 nam
840 3220 966 3294 pecunie
986 3222 1042 3278 vim
1059 3235 1237 3293 asservarent,
1257 3243 1292 3282 ac

174 3311 231 3356 aut
243 3298 362 3370 numeri,
373 3297 414 3354 its
426 3310 468 3368 ut,
488 3316 559 3374 quos
572 3297 654 3356 vellet
664 3297 712 3354 Ti·
759 3299 946 3368 occultarent,
958 3299 1047 3356 edixit
1059 3320 1092 3357 ne
1105 3300 1167 3376 quis
1179 3313 1292 3376 argento

122 3411 126 3416 -
176 3377 282 3446 mnus,
301 3377 404 3434 milites
416 3375 509 3447 edam,
529 3389 558 3434 et
572 3389 713 3454 quotquot
761 3377 804 3434 vel
822 3395 890 3435 suro
907 3377 1057 3454 plusquam
1077 3379 1220 3455 sexaginta
1239 3400 1292 3438 ses-

176 3456 288 3527 liberet,
307 3457 423 3513 comites
439 3457 614 3514 oceustodes
633 3455 713 3512 adbi·
760 3457 852 3525 tertia‚
887 3457 974 3534 Aurgi.
1007 3459 1088 3515 5001.
1124 3459 1291 3536 possideret:

177 3537 267 3593 beret.
307 3539 393 3592 Atne
406 3535 489 3592 Urbis
501 3536 614 3611 quidem
627 3546 712 3606 tecta,
760 3530 859 3596 ’amalr‘
877 3533 903 3594 si
923 3537 1008 3610 συχνοὶ
1025 3537 1112 3592 πολλαὶ
1124 3535 1247 3616 alpensi
1266 3561 1294 3598 ss

176 3615 251 3672 oded
257 3627 384 3672 senatum
393 3632 548 3690 numquam
557 3613 637 3672 adiit.
658 3614 712 3672 sed
758 3608 822 3687 ἔχων
833 3615 879 3670 ul
890 3607 976 3670 raim
988 3615 1054 3671 ciri
1067 3613 1231 3695 ἇποκςόπιιι
1242 3615 1292 3676 bi-

177 3695 269 3752 dei-iis
281 3694 448 3770 plerumque
459 3694 613 3763 itineribus,
632 3691 712 3768 qussi
761 3715 840 3761 mni,
855 3689 1005 3772 ainylgton
1015 3689 1103 3768 μηῖικ
1112 3698 1194 3751 rado
1203 3681 1295 3752 anal

179 3774 341 3850 ambiguus,
360 3775 396 3830 ad
422 3773 526 3830 Urbem
552 3773 713 3843 accedebat,
762 3767 1293 3854 matlurulpvp'eilpaefflibaigpu-

176 3865 210 3910 et
230 3853 326 3910 statim
344 3851 513 3910 declinabat.
552 3852 627 3910 Vide
644 3851 714 3908 Dio·
763 3849 804 3928 pti·
824 3845 949 3928 immi
967 3851 1113 3916 melcina,
1137 3853 1203 3919 Dio,
1226 3871 1294 3912 κω.

179 3951 255 4002 nem,
275 3933 331 3990 loc.
351 3933 401 3990 cit.
420 3931 569 4007 Amligeas
585 3931 715 4008 patrima,
764 3948 793 4004 p.
809 3934 874 3993 171.
897 3929 1046 4001 Meursius,
1059 3931 1093 3987 de
1105 3929 1177 3988 luxu
1191 3933 1295 4012 Roma7

147 4027 160 4049 ⁶
179 4011 359 4088 singulariter
370 4011 489 4080 dictum,
506 4009 555 4067 sed
568 4009 716 4087 eleganter.
762 4025 874 4078 norum,
891 4025 955 4085 cap.
983 4017 1009 4069 1.
1039 4011 1116 4086 apud
1141 4011 1295 4085 Graesium,

181 4093 259 4160 Quis
270 4092 404 4148 damnare
417 4089 538 4147 audeat?
763 4087 899 4144 Thessur.
925 4089 1022 4164 Antiq.
1046 4087 1111 4146 Vol.
1136 4107 1208 4148 unt.
1238 4091 1296 4150 eol.

176 4191 181 4200 ·
222 4165 234 4198 ³
255 4170 302 4228 Dc
321 4171 400 4226 modu
423 4169 560 4238 credendi,
578 4170 718 4244 possiden·
768 4171 854 4224 1223.
875 4183 925 4241 pro
944 4167 1151 4244 mummulus
1167 4171 1298 4229 emendat

179 4251 273 4325 dique.
324 4249 399 4306 Cum
421 4265 467 4304 ‘aes
499 4247 631 4317 elienum,
665 4249 719 4304 im·
765 4245 1054 4322 mummolini,
1075 4249 1151 4322 quod
1169 4257 1229 4307 tum
1245 4249 1298 4326 lin3

181 4329 310 4389 mensum
333 4327 462 4384 crevisset
477 4327 610 4384 civilibus
626 4326 719 4397 bellis,
767 4343 829 4400 guae
850 4323 968 4398 Graece,
993 4337 1053 4384 tum
1076 4327 1161 4386 luliae
1182 4328 1235 4404 legi
1257 4347 1297 4386 m·

175 4421 213 4466 et
243 4408 310 4464 fides
332 4407 393 4464 tota
416 4405 501 4464 ltaliti
525 4415 596 4464 esset
620 4424 720 4481 angus-
766 4414 882 4480 pugnat.
923 4404 1040 4462 Summa
1058 4408 1133 4463 enim
1152 4427 1295 4478 stereome-¹

181 4489 248 4554 tior,
272 4505 363 4562 neque
380 4486 493 4543 creditae
516 4485 644 4562 pecuniae
667 4485 721 4541 sol-
767 4479 924 4556 assentatio,
939 4485 1058 4544 efficeret
1071 4487 1192 4544 ducenta
1204 4497 1298 4547 semp.

179 4582 323 4634 serentur,
341 4565 437 4623 Julius
455 4563 559 4632 Caesar,
580 4566 617 4620 Α.
634 4563 671 4621 U.
684 4565 718 4621 C.
768 4561 817 4634 tia,
838 4561 924 4638 Aegl.
939 4559 1035 4623 16661.
1051 4571 1109 4624 tue.
1122 4565 1169 4624 4d.

180 4642 255 4712 rud.
295 4645 447 4718 coustituit,
464 4642 611 4708 triariilrt'
623 4643 719 4702 durca-
905 4665 909 4674 ·
1173 4663 1176 4668 ·
