3200 5509
319 524 379 583 ⁴22
667 526 788 587 Notis
809 528 859 587 ET
880 528 1207 590 EMENDATIONES

364 744 453 813 Cur.
468 752 520 817 57.
555 746 693 834 Etfilios
707 753 803 817 vaste
816 754 920 817 modis.
943 752 1030 819 Male
1045 764 1139 819 tenttu
1150 749 1285 835 lipsius,
1296 748 1436 834 etfils'urn.

321 852 374 918 Dc
398 855 517 921 Pisonis
540 858 621 938 filiis,
643 884 721 945 quos
742 862 830 927 seriis
854 864 951 931 modis
974 862 1121 927 criminosi
1147 858 1255 945 potuit,
1279 856 1346 923 vide
1366 857 1437 921 inin

318 962 429 1033 Ausul.
446 986 502 1031 ιιι.
520 970 568 1033 16.
674 967 680 978 ’

363 1070 422 1138 Ira
435 1084 466 1138 et
479 1074 688 1145 dissimulatio.
732 1078 820 1147 Male
836 1080 989 1161 Muretus,
1003 1083 1056 1147 ire
1069 1077 1278 1145 dissimulatio.

362 1268 451 1334 Cer.
480 1280 532 1337 58.
585 1273 656 1339 Neu
686 1299 824 1361 proceres
852 1278 998 1365 gentium.
1059 1276 1194 1341 Mullent'
1225 1275 1385 1341 Mercenrs
1410 1284 1439 1335 et

319 1374 465 1457 Pichena,
487 1402 533 1446 ue.
578 1382 665 1447 Nihil
684 1388 870 1451 mutandum.
915 1386 1059 1451 Procerus
1079 1386 1226 1474 gentium,
1249 1386 1286 1447 de
1311 1382 1444 1467 Sutnpis

317 1486 464 1568 gentium,
500 1491 627 1577 imperio
668 1494 850 1561 Parthorum
888 1496 1084 1575 subditarum,
1121 1495 1180 1559 dici
1214 1494 1296 1559 recte
1329 1490 1442 1555 monuit
1563 1500 1564 1579 ξ

318 1592 503 1665 Gronovius.

359 1794 449 1861 Cur.
478 1806 529 1871 59.
550 1770 555 1778 .
574 1798 709 1867 Pedibus
724 1804 850 1868 intectis.
894 1804 1107 1888 AEgyptiornm
1122 1826 1218 1880 more,
1229 1800 1281 1888 qui
1295 1798 1343 1864 vel
1358 1798 1441 1863 nudis

318 1904 447 1986 pedibus
468 1908 653 1988 incedebant,
676 1910 722 1975 vel
746 1912 875 1998 crepidis
898 1915 1012 1977 tontinn
1034 1915 1212 1979 utebantur:
1239 1910 1317 1979 unde
1343 1906 1441 1973 intecti

317 2011 420 2096 pedes.
453 2017 578 2085 ‘Contra
593 2022 663 2085 verb
679 2020 821 2099 Romani,
837 2020 947 2086 Horat.
963 2045 985 2085 1.
1002 2024 1099 2107 Satyr.
1115 2043 1163 2085 vt.
1179 2028 1232 2093 27.

451 2174 495 2241 Ut
507 2179 630 2266 quisque
642 2181 766 2245 iusauus
785 2181 883 2267 eugris
895 2182 1026 2249 medium
1040 2179 1177 2271 impediit
1195 2200 1263 2243 anu
1305 2270 1315 2289 ·

446 2286 597 2361 Pellibus.

319 2442 502 2511 calceorum
536 2446 657 2513 illorum
691 2451 795 2514 formio
824 2450 998 2514 exhibentur
1034 2448 1065 2512 in
1102 2445 1356 2533 praestantissimo,
1386 2468 1441 2509 neo

316 2573 450 2637 unquam
478 2556 548 2620 sstis
573 2556 731 2638 laudando,
756 2582 859 2646 opero,
882 2559 908 2622 le
938 2556 1063 2623 Pitture
1088 2556 1223 2623 Auticbe
1243 2552 1440 2633 d'Ercolauo,

317 2660 431 2726 vot-1.
452 2662 532 2728 Tab.
548 2687 663 2731 xxxv.

361 2768 593 2838 Domiuatiouis
608 2800 734 2841 arcana.
778 2776 895 2843 Merito
915 2778 1036 2865 quidem
1056 2776 1132 2845 inter
1153 2773 1361 2839 dominationis
1382 2796 1440 2837 suae

316 2902 424 2944 arcuna
447 2883 615 2968 AEgyptum
639 2904 813 2972 seposuerit
838 2890 1003 2973 Augustus,
1028 2888 1098 2951 cunr
1123 2910 1183 2948 non
1206 2884 1300 2947 modo
1323 2884 1438 2965 frugum

318 3006 398 3055 esset
420 2992 609 3074 fertilissima,
634 2998 687 3060 sed
711 2997 800 3061 etiarn
826 3000 905 3083 apud
929 3022 995 3063 esur
1020 3010 1117 3061 essent
1142 2994 1288 3058 Ronmroe
1317 3012 1440 3055 arinouor

320 3098 465 3180 claustra,
480 3116 514 3167 ut
528 3102 661 3189 loquitur
674 3104 810 3185 Tacitus,
831 3107 914 3171 Hist.
931 3128 989 3171 ιιι.
1004 3114 1033 3173 8.
1065 3104 1155 3167 Unde
1171 3099 1288 3167 Plinius
1302 3100 1332 3163 in
1346 3099 1439 3164 Pane-

319 3208 410 3292 gyrio.
426 3231 535 3275 xxxa.
561 3211 779 3281 Percrebuerat
793 3216 963 3303 antiquitis
981 3214 1091 3279 Urbem
1106 3222 1249 3287 nostram,
1264 3210 1325 3273 uisi
1341 3208 1439 3293 opibus

323 3320 466 3406 AEgypsi,
493 3322 538 3387 uli
564 3328 782 3413 sustentariquc
813 3348 873 3390 uou
896 3348 991 3412 posse.
1035 3321 1235 3409 Superbiebat
1264 3328 1384 3383 oerrtosa
1413 3324 1439 3381 et
1481 3346 1486 3355 ·

321 3428 452 3495 insoleus
473 3434 569 3511 uatio,
594 3434 676 3521 qrrbd
693 3437 834 3501 victorem
860 3436 977 3521 quidem
998 3432 1144 3521 populum
1164 3437 1302 3517 pasceret
1324 3438 1439 3501 tamen,-

319 3538 457 3627 quddque
469 3542 504 3605 iu
516 3565 569 3609 suo
579 3544 722 3627 flumine,
744 3547 778 3609 iu
798 3544 859 3611 suis
880 3545 1030 3623 morsibus,
1052 3540 1100 3605 vel
1118 3538 1311 3604 abundantia
1331 3546 1440 3614 nostru,

322 3648 481 3737 velfomes
500 3664 580 3717 esset.
622 3654 718 3719 Juxta
739 3654 898 3720 Aurelium
918 3653 1082 3729 Victorem,
1107 3648 1244 3733 Epitom.
1265 3666 1289 3710 1.
1313 3644 1443 3733 Augusti

321 3768 454 3849 tempore
466 3783 503 3825 er
526 3762 661 3850 AEgupto
687 3763 764 3828 Urbi
788 3786 892 3831 annua
916 3752 1065 3827 ducenties
1089 3768 1212 3823 centena
1232 3756 1333 3821 millia
1353 3754 1443 3819 snodi-

324 3892 411 3935 orum
411 3868 567 3958 frementi
580 3872 799 3961 inferebantur.
845 3870 950 3956 Longi
967 3872 1052 3956 pluro
1067 3868 1251 3955 percipiebat
1266 3864 1442 3930 Ptolemaens

318 3976 553 4067 Philadelphus,
568 3979 724 4070 siquidem,
735 3997 810 4048 teste
826 3978 869 4046 D.
883 3982 1071 4065 Hieronymo
1086 3978 1115 4042 in
1129 3990 1222 4061 caput
1234 3996 1286 4039 ιιι.
1302 3972 1442 4050 Danielis,

324 4092 363 4155 de
385 4094 520 4181 AEgppto
534 4093 735 4181 persingulas
750 4116 845 4160 uuuos
860 4090 1085 4179 quatuordecim
1107 4086 1207 4150 millia
1228 4096 1257 4149 et
1274 4084 1443 4171 octingenta

326 4202 444 4268 talenta
459 4206 590 4291 argenti,
606 4183 703 4291 Augl.
720 4201 913 4283 8,880,000l.
935 4212 962 4265 et
972 4198 1128 4290 frumeuti
1148 4194 1273 4260 artabas
1293 4192 1444 4281 quinquies
1560 4190 1561 4199 ’

326 4325 357 4379 st
370 4314 465 4379 decios
477 4326 600 4380 ceuteuu
609 4316 720 4394 millia,
735 4338 788 4379 seu
803 4318 1006 4393 50,000,000.
1021 4307 1139 4373 modios
1154 4303 1332 4393 accipiebat.

370 4498 461 4565 Cur.
473 4500 526 4565 60.
564 4496 698 4586 Canopo.
730 4497 875 4583 Canopus
889 4496 931 4561 its
944 4490 1055 4559 dictsit
1071 4491 1212 4578 Canopo,
1226 4500 1344 4555 rectore
1357 4484 1443 4563 ruris,

279 4630 283 4636 ’
326 4615 389 4705 qui,
402 4615 474 4684 cum
492 4608 664 4695 Msoslsus,
676 4605 911 4697 Agamemnone
925 4606 1016 4673 trater
1029 4614 1060 4672 et
1074 4598 1202 4671 Helene
1216 4600 1340 4689 conjux,
1353 4591 1447 4683 Trojt
