3200 5509
467 1291 1065 1402 BREVIARIUM

549 1573 708 1640 LIBRI
751 1571 960 1638 TERTII.

198 2039 234 2110 1.
256 2015 543 2118 Aonrrrrun
566 2063 661 2118 cum
682 2034 920 2118 Germanici
942 2034 1122 2143 reliquiis
1145 2031 1320 2118 Brundi·

189 2169 420 2266 sium,inde
433 2169 609 2260 Romam
630 2171 828 2280 pervenit.
877 2169 953 2250 Ere
973 2169 1133 2250 tumulo
1144 2168 1323 2278 Augusti

195 2302 333 2400 illatae,
362 2313 405 2385 et
422 2303 742 2386 funusductum.
799 2315 839 2398 7.
870 2301 1032 2386 Drusus
1050 2305 1094 2384 in
1112 2301 1322 2409 Illyricum

194 2465 330 2518 rursus
358 2437 637 2548 proficiscitur.
696 2447 734 2522 8.
766 2435 843 2520 Cn.
870 2436 979 2536 Piso,
1008 2438 1105 2520 ctlm
1144 2437 1322 2521 Romam

193 2571 390 2670 rediisset,
419 2574 564 2656 veneni
589 2583 633 2655 et
651 2573 874 2683 majestatis
893 2571 1136 2683 postulatur.
1192 2571 1323 2656 Dicta

189 2709 331 2804 cansa,
361 2708 457 2788 crlm
478 2708 617 2790 omnia
634 2709 795 2791 infensa
819 2719 863 2792 et
881 2709 1029 2794 infesta
1056 2709 1321 2820 experiretur,

191 2869 339 2924 manus
377 2841 455 2924 sibi
500 2841 644 2924 adfert.
706 2853 774 2928 20.
816 2843 1052 2927 Tacfarinas
1087 2844 1239 2926 bellum
1276 2847 1321 2928 in

193 2976 334 3060 Africa
366 2987 548 3076 renovat,
587 2979 700 3088 quod
731 2979 977 3090 opprimitur
1006 2978 1032 3060 a
1063 2977 1113 3060 L.
1134 2979 1320 3089 Apronio

194 3113 448 3222 proconsule.
504 3123 572 3198 22.
603 3113 764 3226 Lepida
784 3113 952 3198 AEmilia
979 3112 1168 3195 adulterii
1193 3125 1236 3196 et
1252 3143 1320 3196 re·

194 3251 289 3329 neni
317 3247 510 3347 defertur,
537 3261 580 3332 et
598 3249 829 3335 damnatur.
886 3253 953 3332 25.
981 3247 1116 3356 Papia
1132 3246 1320 3357 Poppaea

191 3379 259 3464 lex
294 3384 348 3465 ad
384 3383 428 3465 id
467 3394 631 3494 tempus
655 3383 837 3495 asperius
868 3382 1059 3480 exercita,
1088 3380 1268 3463 mollitur
1293 3381 1320 3466 a

188 3515 368 3616 Tiberio,
415 3529 459 3600 et
502 3547 631 3602 nexus
679 3521 765 3628 ejus
795 3517 1076 3601 exsolvuntur.
1158 3514 1319 3627 Legum

189 3652 310 3735 initia
329 3665 372 3735 et
389 3655 510 3736 vices.
567 3665 635 3740 30.
655 3655 706 3738 L.
727 3653 886 3736 Volusii
911 3665 954 3734 et
973 3651 1155 3734 Sallustii
1170 3650 1316 3762 Crispi,

188 3789 409 3898 insignium
428 3787 619 3886 virorum,
648 3790 797 3872 obitus.
855 3797 923 3871 31.
941 3785 1126 3870 Tiberius
1139 3787 1181 3867 in
1197 3783 1318 3868 Cam·

188 3925 359 4035 paniam
393 3924 594 4009 concedit.
662 3935 729 4008 32.
759 3922 916 4006 Iterum
942 3921 1123 4004 Africam
1150 3919 1318 4004 incurrit

184 4055 443 4141 Tacfarinas:
489 4060 558 4141 cui
593 4060 779 4141 tutandae
810 4059 840 4145 J
843 4059 963 4140 unius
996 4055 1154 4139 Blaesus
1179 4056 1318 4168 deligi.

187 4204 268 4276 tur.
344 4201 411 4286 37.
457 4191 632 4301 Equites
672 4194 833 4302 aliquot
871 4191 1050 4274 Romani
1092 4193 1316 4304 majestatis

187 4327 450 4410 damnantur.
512 4337 580 4410 38.
608 4327 814 4410 Thracum
847 4327 1061 4412 discordia.
1118 4337 1186 4411 40.
1217 4325 1317 4408 Gal·

187 4461 335 4544 liarum
354 4462 539 4545 civitates
558 4461 954 4561 rebellant,ducibus
975 4465 1003 4552 J
1007 4464 1090 4546 ulio
1105 4463 1316 4546 Sacrouiro

188 4607 233 4678 et
269 4596 298 4683 J
301 4596 384 4679 ulio
421 4595 553 4682 Floro.
623 4597 684 4682 At
719 4598 944 4684 infeliciter.
1011 4601 1053 4682 A
1088 4597 1315 4708 legionibus
