3200 5509
300 247 360 300 ⁵³4
596 231 718 294 NOTAE
738 228 792 288 ΕΤ
810 227 1141 294 annnnnmonts

343 385 510 454 Vibulenus
523 384 678 473 Agrippa.
722 379 831 464 Dioni,
855 401 960 448 avrrr.
982 409 1016 470 p.
1030 389 1106 453 634.
1133 386 1433 478 ὯνῑυυΐλιοςἈγρίι-

296 528 362 582 aas,
384 498 462 563 forti
473 519 531 583 pro
549 495 752 584 'Ouidootiroa

340 611 416 676 Duo
433 606 538 672 Blari.
581 605 706 668 Veteres
727 600 884 682 editiones,
905 603 967 668 duo
983 603 1101 670 Blasii.
1143 608 1190 673 At
1211 609 1284 674 edm
1308 635 1385 677 mox
1406 613 1437 676 in

298 721 377 787 MS.
392 717 476 783 Hor.
491 714 601 782 Blasio
614 712 739 796 legatur,
759 723 792 775 et
804 713 871 777 luae
883 715 922 776 ad
935 713 1022 779 Junii
1036 714 1130 780 Brea
1143 719 1270 782 domum
1280 723 1436 786 reserenda

297 829 461 908 rideantur,
475 824 583 890 meritb
598 821 733 905 Rycrius
746 833 779 885 et
790 823 973 887 mentiorer
984 828 1189 908 emendavero,
1210 827 1273 894 duo
1285 829 1396 896 Brea.

341 1069 431 1134 Cre.
456 1077 509 1133 41.
553 1065 708 1130 Clitarum
735 1067 821 1130 natio
851 1063 1030 1152 Cappadoci
1059 1066 1224 1132 Archelao.
1250 1069 1437 1154 Perpetem

300 1178 467 1244 Beroaldus
489 1157 599 1261 aliique
623 1187 749 1255 veteres,
772 1173 917 1239 Citarurn
940 1177 1027 1239 natio
1054 1175 1257 1262 Cappadocia
1271 1179 1438 1245 Archelao.

298 1287 338 1352 ln
352 1287 428 1353 MS.
449 1285 531 1350 Flor.
556 1283 742 1370 Cappadoci.
786 1284 884 1348 Recte
909 1309 1032 1371 quoque
1053 1285 1179 1371 Lipsius
1203 1302 1233 1351 et
1255 1291 1439 1354 recentiores

298 1399 502 1476 emendarere,
527 1394 690 1472 Clitarum,
712 1417 749 1458 ex
765 1393 878 1469 Annal.
894 1415 963 1459 ¹11.
986 1405 1038 1460 55.
1082 1395 1247 1461 infeliciter
1271 1401 1346 1464 verb
1369 1423 1439 1463 cor·

300 1507 417 1591 rigebat
442 1505 577 1571 eruditur
592 1503 626 1568 N
628 1503 736 1570 orioius
750 1505 911 1592 cenotapb.
945 1503 1010 1570 Pie.
1026 1504 1156 1572 Dissert.
1174 1528 1212 1570 11.
1240 1517 1290 1573 10.
1314 1533 1347 1598 p.
1362 1518 1438 1583 509.

302 1617 487 1684 Calitarum.

342 1855 432 1922 Cer.
464 1863 516 1922 ta.
564 1841 714 1940 Oppiena
749 1857 965 1919 cunctantiam'
984 1853 1147 1919 dubitatio.
1190 1853 1305 1920 Mallet
1334 1855 1439 1920 Frein-

300 1966 441 2045 shemius,
453 1963 590 2051 oppressi
602 1965 807 2030 cunctantium
818 1963 1019 2044 dubitatione,
1029 1987 1127 2028 omner
1137 1965 1169 2035 in
1180 1987 1272 2030 unum
1280 1966 1439 2032 cedebant.

301 2075 464 2160 Eleganter
478 2075 611 2161 quidem.
655 2073 743 2140 Nihil
759 2088 859 2140 tamen
874 2074 1071 2140 mutaverim:
1094 2097 1150 2140 nec
1164 2073 1303 2163 displicet
1317 2077 1438 2160 vulgata

302 2185 459 2270 scriptura.

344 2295 446 2360 Haud
467 2295 757 2360 concelebraverant.
801 2295 879 2360 MS.
903 2295 987 2360 Flor.
1013 2307 1044 2359 et
1067 2307 1181 2359 veteres
1203 2295 1348 2360 editiones
1369 2320 1440 2360 cor·

300 2407 402 2492 rupte,
424 2406 494 2472 laci
515 2405 806 2472 concelebraverant.
849 2405 937 2472 Bene
961 2389 1104 2487 Pichena,
1136 2405 1229 2472 laud.
1265 2407 1438 2488 Rhenanus,

302 2537 374 2582 uoti.

346 2755 437 2819 Cre.
452 2763 503 2822 44.
527 2755 691 2820 Artabano
709 2753 874 2842 perculsus.
919 2753 1049 2839 Optime
1071 2754 1237 2832 emendarit
1260 2757 1438 2823 Rhenanus.

305 2863 460 2950 Corrupti
475 2863 552 2928 MS.
567 2863 650 2930 Flor.
665 2877 697 2928 et
711 2865 859 2931 editiones
870 2877 994 2942 veteres,
1011 2888 1179 2950 mouetur.

348 2973 486 3063 Ignacua
499 2973 542 3040 ad
548 2975 699 3062 pericula.
742 2975 829 3040 Beni
854 2973 931 3042 MS.
948 2975 1031 3041 Flor.
1053 2975 1189 3043 Picheua
1202 2990 1233 3040 et
1246 2977 1436 3042 recentiorer.

305 3083 394 3152 Male
410 3085 580 3150 Beroaldus
595 3098 626 3150 et
639 3097 764 3164 veteres,
785 3086 919 3171 ignarus.

348 3325 437 3390 Car.
464 3335 517 3392 45.
551 3327 829 3414 AEdificationibns.
864 3327 914 3393 Ne
938 3327 1067 3413 publici.
1110 3325 1211 3390 Aliter
1237 3325 1438 3409 ‹brdnguebat

306 3435 539 3514 Freinshemius,
561 3437 818 3518 deificationibus,
839 3437 1019 3524 uepublicd,
1040 3441 1097 3501 bre.

348 3545 487 3615 Enniam
504 3547 701 3614 immittendo.
745 3549 867 3614 Iocum
891 3549 971 3612 hunc
994 3547 1146 3612 immerito
1171 3559 1260 3611 vexat
1282 3547 1436 3626 Emesam,

304 3657 389 3744 quasi
413 3656 568 3722 insititiam
594 3669 683 3738 esset,
711 3658 911 3737 immittendo,
932 3657 980 3722 vel
1003 3657 1232 3734 emendandum,
1253 3656 1437 3734 instituerat,

304 3790 363 3852 pro
375 3768 567 3854 impulerant.
596 3767 683 3834 Nihil
697 3769 745 3832 hlc
759 3768 899 3834 vitiosum
914 3767 1053 3832 arbitror.
1096 3768 1158 3832 Sed
1172 3766 1296 3844 Macro,
1317 3785 1436 3830 uxorem

304 3899 390 3942 nram
406 3877 544 3944 Enniam
558 3879 756 3958 immittendo,
778 3901 846 3942 eam
859 3877 1022 3964 impulerat
1038 3897 1141 3942 amore
1143 3877 1293 3963 juvenem
1307 3874 1437 3942 inlicere.

349 3985 391 4050 In
417 3989 486 4054 cina
508 3989 571 4055 aoi.
616 3989 763 4054 Eruditur
791 3988 992 4054 Caraubonus
1019 3988 1058 4052 ad
1085 3988 1213 4052 Saeton.
1244 3986 1277 4052 in
1296 3984 1385 4066 Caio,
1400 4013 1435 4056 x.

303 4099 414 4164 tarn
426 4101 575 4183 emendat,
596 4101 684 4182 coia,
705 4099 790 4166 atad
805 4097 922 4164 liviam
937 4098 1056 4167 retau
