3200 5509
156 565 184 625 l.
197 561 232 623 C.
248 567 295 632 19·
418 555 642 618 ANNALIUM
663 557 783 617 LIBER
805 557 1027 620 SECUNDUS.
1231 575 1289 638 137

158 713 319 814 pennisit.
369 713 411 786 ln
426 709 467 785 ei
488 709 647 782 divisione
663 733 756 798 arva,
772 727 807 782 et
821 715 950 802 urbes,¹
965 731 1000 786 et
1014 714 1124 788 vicina
1139 719 1287 809 Graecis,

159 829 285 927 Cotyn
312 827 406 923 quod
426 825 605 911 incultum,
620 822 733 912 ferox,
750 825 923 897 adnexum
950 829 1115 917 hostibus,
1133 832 1287 906 Rhescu-

156 943 269 1041 poridi
278 957 397 1028 cut3
421 938 640 1033 ipsommque
655 961 777 1034 regum
793 937 940 1036 ingenia,
956 941 1006 1012 illi
1021 942 1116 1031 mite,
1132 962 1166 1016 et
1181 970 1286 1020 amoe-

157 1079 257 1145 num,
274 1054 353 1127 huic'
366 1067 479 1140 atrox,
495 1051 646 1138 avidum,
660 1068 695 1122 et
710 1051 874 1123 societatis
889 1053 1065 1147 impatiens
1086 1075 1167 1129 erat
1217 1062 1287 1134 Sed

158 1171 272 1267 primo
288 1166 432 1242 subdoli
448 1164 631 1239 concordii
653 1189 775 1262 egere:
802 1189 887 1237 mox
913 1166 1144 1264 Rhescuporis
1172 1173 1288 1270 egredi

157 1285 256 1373 fines,
282 1299 415 1354 vertere
439 1281 476 1352 in
503 1305 540 1352 se
570 1280 672 1376 Cotyi
698 1280 787 1367 data,
813 1280 1026 1352 et'resistenti
1053 1284 1124 1356 vim
1151 1283 1285 1378 facere,

156 1413 354 1470 cunctanter
375 1397 440 1468 sub
460 1398 634 1492 Augusto,
657 1417 760 1489 quem
782 1409 957 1466 auctorem
978 1394 1153 1493 utriusque
1175 1403 1286 1498 regni,

155 1510 184 1584 si
200 1527 429 1607 sperneretm,
445 1507 612 1580 vindicem
629 1509 822 1580 metuebat:
846 1507 1022 1580 enimvero
1049 1511 1163 1589 auditi
1179 1531 1286 1586 muta·

156 1624 249 1698 tione
264 1623 454 1721 Principis,²
464 1623 645 1696 immittere
667 1622 838 1695 latronum
853 1622 988 1720 globos,
1003 1623 1200 1701 exscindere
1215 1651 1284 1700 cas-

156 1739 248 1826 tella,
264 1763 379 1812 causas
395 1737 496 1812 bello.

203 1974 262 2039 65.
286 1969 409 2040 Nuun
431 1967 531 2065 aequi
547 1967 723 2042 Tiberium
752 1969 893 2041 maium
920 1969 1076 2057 habebat,
1105 1971 1210 2065 quim
1238 1951 1282 2044 ite

153 2082 339 2178 composita
362 2085 604 2155 turbarentur:
631 2082 747 2178 deligit
771 2082 1017 2170 centurionem,
1040 2083 1100 2178 qui
1115 2085 1283 2158 nuntiaret

151 2193 303 2292 regibus,
320 2202 345 2238 “
361 2218 405 2267 ne
434 2197 536 2267 armis
561 2195 833 2290 disceptarent:”
858 2194 1035 2290 statimque
1058 2195 1206 2292 iCotye
1232 2199 1282 2269 di-

148 2307 254 2380 nnana
268 2325 360 2396 sunt,
376 2333 454 2404 quae
470 2326 655 2404 paraverat,
670 2306 806 2379 auxilia.
857 2307 1088 2402 Rhescuporis
1108 2310 1188 2381 fleta
1210 2335 1282 2382 mo-

148 2419 260 2492 destii
272 2421 430 2516 postulat,
447 2422 648 2492 “eumdem
665 2421 701 2490 in
718 2421 834 2491 locum
851 2419 1011 2507 coiretur,
1027 2445 1125 2516 posse
1142 2424 1186 2494 de
1201 2447 1281 2496 con·

148 2540 177 2576 “
194 2532 364 2604 moversiis
379 2533 551 2629 colloquio
566 2533 703 2629 transigi
714 2535 752 2604 :’'
777 2556 841 2604 nec
857 2532 917 2604 diu
932 2532 1122 2606 dubitatum
1138 2537 1182 2607 de
1197 2553 1282 2609 tem·

146 2669 247 2743 pore,
263 2647 353 2734 loco,
382 2645 461 2718 dein
486 2646 753 2719 conditionibus:
780 2647 865 2718 crim
891 2648 977 2717 alter
1003 2635 1172 2736 lacilltate,
1194 2649 1281 2724 alter

146 2759 282 2848 fraude,
298 2777 421 2834 cuncta
434 2760 522 2832 inter
537 2785 573 2833 se
598 2763 835 2848 concederent,
851 2760 1117 2858 acciperentque.
1169 2763 1279 2836 Rhes-⁴

147 2873 284 2968 cupon's
300 2873 493 2963 sanciendo,
509 2889 548 2946 ut
572 2871 754 2960 dictitabat,
771 2871 907 2960 foederi,
924 2859 1117 2946 convivium
1141 2876 1278 2972 adjicit}

146 2985 322 3084 tractique
338 2988 373 3060 in
390 2989 533 3060 multam
549 3005 685 3060 noctem
701 2986 829 3075 laetitii,
855 3010 918 3083 per
932 2987 1047 3082 epulas
1072 3012 1111 3060 ac
1127 2989 1277 3063 vinolen-

145 3099 230 3172 tiam
256 3101 429 3173 incautum
462 3105 591 3200 Cotyn,
622 3117 657 3172 et
688 3101 870 3197 postquim
901 3099 1020 3171 dolum
1046 3101 1277 3192 intellexerat,

146 3219 174 3258 ‘⁶
190 3239 284 3287 sacra
298 3215 407 3313 regni,
423 3215 574 3313 ejusdem
589 3213 725 3289 familia
741 3216 850 3303 Deos,
866 3231 900 3286 et
915 3214 1094 3309 hospitales
1118 3216 1278 3289 mensas”

143 3329 382 3418 obtestantem,
414 3329 538 3403 catenis
576 3345 703 3402 onerat.
753 3327 968 3424 Thraciique
1007 3327 1101 3398 omni
1137 3329 1276 3423 potitus,

143 3443 277 3539 scripsit
291 3446 335 3516 ad
350 3443 539 3533 Tiberium,
556 3449 582 3488 “
598 3461 739 3516 structas
755 3443 818 3514 srbi
832 3441 978 3528 insidias,
993 3457 1204 3535 praeventum
1225 3443 1275 3514 in·

144 3556 417 3660 f‘sidiatorem:”
434 3557 534 3654 simul
545 3557 676 3652 bellum
687 3556 1038 3644 adversbsBastaroas
1048 3555 1274 3654 Scythasque³

143 3769 227 3846 rimo.
248 3768 322 3827 Vide
334 3779 427 3832 noter
440 3771 682 3836 emendodeinn.
737 3773 838 3848 cipcm,
856 3770 942 3848 coepit
962 3770 1112 3828 immittere
1130 3769 1270 3830 latronum

146 3865 185 3908 11.
199 3845 249 3906 64.
735 3853 841 3926 globos,
848 3850 1009 3912 exscindere
1023 3849 1148 3919 castella,
1159 3861 1187 3906 et
1204 3869 1272 3908 cau·

734 3951 778 3990 sas
792 3931 858 3987 belli
871 3948 969 3986 serere.

185 4005 302 4078 'Arnen
315 4018 341 4068 et
356 4011 444 4068 nrbes.
483 4009 606 4068 Thracia
620 4029 683 4068 nus·
757 3997 785 4038 '³
811 4010 964 4066 Bastarnas
996 4005 1173 4084 Scythasque.
1221 4010 1269 4067 Ad

143 4087 224 4148 trulla
244 4099 272 4145 et
295 4089 444 4156 orientalis,
458 4089 567 4146 Grecis
579 4091 680 4159 vicina,
737 4089 863 4156 Danubii
873 4089 944 4154 ostis¹
954 4087 1119 4144 habitabunt
1129 4087 1270 4145 Bastamae

142 4170 212 4225 data
224 4175 265 4224 est
277 4168 371 4244 Cotyi.
405 4168 610 4243 Rhescuporidi
623 4187 680 4231 ces·
735 4181 762 4225 et
775 4168 897 4242 Scythae.
935 4165 1045 4223 Dextri
1056 4167 1178 4242 Scytha,
1192 4167 1270 4223 sinis-

142 4245 540 4306 sit'l'hraciaoccidemalisac
551 4247 678 4318 borealis,
735 4247 776 4305 ud
789 4245 852 4322 sipi
866 4247 1016 4314 antarri‘e,
1039 4247 1146 4304 Grecis
1166 4244 1267 4325 naenig-

141 4337 301 4395 montuosa,
313 4325 432 4395 inculta,
444 4326 541 4394 icr0x3
555 4325 677 4403 Scythis,
734 4347 780 4388 rua,
797 4326 906 4392 Strabo,
927 4343 986 4381 ru.
999 4345 1028 4400 p.
1043 4331 1111 4381 305.
1148 4325 1267 4391 Plinius,

143 4405 234 4472 Getis,
248 4405 344 4474 Dacis,
357 4405 477 4462 adnexa.
733 4421 776 4460 rv.
794 4410 839 4462 la.
861 4405 935 4460 Sect.
958 4409 1006 4462 25.
1047 4405 1199 4462 Basternas
1219 4423 1268 4479 ap·

183 4479 369 4542 ‘eiuratione
400 4482 549 4560 Principis.
602 4483 675 4541 Cim
732 4482 828 4557 pellat.
851 4483 897 4540 Sic
912 4501 1025 4557 quoque
1040 4485 1202 4540 Beroaldus.
1227 4487 1268 4548 rit

142 4559 267 4621 audisset
278 4564 474 4640 Rhescuporis,
491 4571 602 4620 mortuo
616 4567 676 4620 Au-
731 4562 805 4618 insra
816 4563 851 4618 de
863 4581 935 4619 mor.
942 4563 1040 4618 Germ.
1050 4579 1139 4620 xcvi.
1151 4563 1267 4624 Baster-

140 4653 233 4722 gusto‚
244 4641 269 4698 'l
270 4643 389 4712 iberiam
402 4643 508 4704 lactum
523 4661 579 4704 csse
597 4643 676 4706 Prin·
730 4661 771 4708 noe
782 4641 878 4706 adhue
890 4652 1088 4707 memorantur.
