3200 5509
343 293 404 345 4⁸4
642 289 763 348 NOTAE
783 289 836 346 ET
854 289 1182 348 nununumonrs

389 459 480 523 Cae.
494 461 547 532 67.
591 461 643 525 Ed
656 463 746 549 qnid.
790 463 904 528 Malles
924 463 1057 548 liprsins,
1070 473 1101 527 et
1121 461 1157 526 ed
1173 459 1262 547 quid
1302 457 1441 536 Acitlehs,

347 567 541 658 eliquequdd.
586 571 673 636 Nibil
688 575 868 637 addendunn

394 680 426 744 T
420 683 561 746 armentis
574 683 845 770 interrogarentur.
873 684 1002 769 Optimi
1015 683 1184 747 emendarit
1196 679 1327 765 lipsius.
1351 678 1447 762 Perpe-

347 815 411 858 ram
433 792 602 858 Beroaldus
615 807 646 858 et
658 807 783 874 veteres,
795 797 1028 880 interrogentur.

392 903 488 968 Auris
513 903 556 966 od
583 901 741 968 Cererem.
791 905 925 968 Faernus
951 905 1085 988 corrigit,
1121 903 1225 968 mu.
1281 897 1400 976 latini,
1427 909 1451 960 st

349 1013 472 1076 minime
487 1012 691 1098 probabiliter.
736 1013 839 1077 Ausus
848 1015 892 1078 ud
905 1013 1053 1079 Censorem
1066 1012 1229 1092 codicillos,
1242 1009 1342 1096 placet
1354 1007 1452 1091 llyclio

350 1141 381 1188 et
406 1125 547 1203 Ernesto,
569 1147 625 1186 nec
638 1123 727 1188 nobis
748 1122 900 1208 displicet.
944 1124 997 1188 Sic
1010 1125 1092 1188 enim
1112 1124 1189 1187 inim
1210 1119 1321 1185 Anml.
1337 1125 1452 1182 nist.

349 1259 411 1300 non
434 1235 516 1299 ousia
536 1233 632 1298 aciem
655 1233 806 1308 torrium
826 1247 859 1298 et
881 1233 968 1298 Hist.
992 1255 1016 1297 ι.
1034 1241 1087 1299 48.
1105 1247 1242 1319 stuprum
1265 1254 1352 1294 ausu.
1389 1225 1454 1298 Qui!

351 1361 451 1410 temen
465 1344 649 1429 pronuntiet,
664 1343 756 1422 uusir,
771 1342 914 1406 lutinum
929 1366 991 1406 non
1004 1347 1094 1407 csse?
1112 1343 1167 1406 Uti
1181 1339 1314 1406 nollem:
1336 1341 1456 1401 (lam

350 1479 411 1521 non
426 1456 533 1518 audeo.
577 1454 631 1517 An
646 1475 735 1518 uuerss
747 1451 909 1517 codicillos.
929 1452 1010 1516 Vide
1026 1453 1120 1516 Misc.
1134 1454 1214 1517 Oba.
1225 1473 1279 1514 rx.
1293 1451 1367 1522 396.

393 1659 485 1743 Cen.
499 1680 552 1744 68.
597 1676 719 1762 Quippe
746 1674 811 1740 alit
836 1687 966 1762 parente
993 1677 1101 1762 geniti.
1146 1675 1266 1738 lecum
1294 1675 1374 1737 bunc
1399 1672 1458 1736 mirl

352 1789 502 1855 solicitant
525 1767 711 1870 interpretes,
734 1797 767 1850 ut
793 1785 853 1850 Cn.
869 1785 992 1848 lentuli
1015 1785 1169 1848 sententie
1192 1807 1299 1848 causas
1323 1783 1459 1848 extricent

353 1897 523 1975 Reiuesius,
548 1919 640 1983 quem
667 1894 813 1977 Ryckius,
837 1893 964 1959 Amelot
988 1894 1079 1957 dela
1104 1893 1268 1972 Houssaie,
1289 1907 1322 1957 et
1348 1891 1460 1958 Gordos

352 2023 525 2095 sequuntur,
546 2029 604 2092 pro
628 2003 694 2068 alit
716 2005 885 2083 emendant,
914 2002 1070 2082 Cornelii,
1093 2005 1177 2090 quasi
1203 2003 1366 2083 lentrrlus,
1389 2017 1462 2086 gente

353 2117 499 2184 Comelid
513 2115 667 2192 oriundus,
689 2117 770 2179 bona
791 2112 844 2177 illa
863 2113 940 2178 fisco
953 2128 1071 2178 esemta
1087 2097 1223 2192 voluerit,
1243 2127 1280 2178 ut
1294 2115 1387 2179 Silani
1400 2113 1462 2189 filio,

352 2250 469 2314 suoque
495 2224 689 2303 consobrino,
717 2225 919 2288 redderentur.
962 2223 1110 2288 Heinsius
1145 2223 1279 2307 corrigit,
1315 2223 1409 2302 AElr't,
1439 2224 1463 2286 ia

354 2336 457 2425 Sejani
484 2334 620 2420 gratiam.
665 2333 779 2397 Mallet
813 2332 953 2412 Grotius,
985 2331 1113 2413 tttattit,
1148 2333 1197 2396 vel
1224 2333 1364 2414 Manlia,
1395 2334 1464 2420 qubd

354 2447 394 2512 C.
410 2446 528 2512 Silanus
550 2444 741 2529 Torquatum
763 2464 898 2507 sororem
922 2443 1070 2508 babuerit.
1116 2443 1250 2508 Piclrena
1271 2445 1362 2530 fingit
1374 2445 1463 2510 Silano

355 2557 447 2622 fuisse
461 2567 588 2618 matrem
602 2567 632 2618 et
646 2575 815 2616 novercam.
858 2551 1080 2616 Freinshemius
1091 2577 1149 2638 pro
1163 2553 1464 2633 attenuaretur,

354 2664 415 2750 [rel
427 2663 531 2730 AEtr't:
547 2661 696 2747 posterius
706 2683 828 2726 verum:
850 2661 971 2726 occulti
981 2662 1158 2742 irmuit,boc
1173 2665 1276 2728 datum
1293 2667 1412 2750 Sejano,
1423 2667 1464 2749 qui

354 2773 516 2859 adoptione
531 2771 685 2836 transierat
699 2771 729 2835 in
743 2785 863 2856 gentem
877 2771 1003 2836 AEliam
1025 2773 1103 2836 vide
1119 2773 1215 2838 Misc.
1230 2774 1312 2838 Obs.
1329 2797 1380 2838 ix.
1391 2775 1463 2857 396]

355 2897 389 2950 ut
402 2883 432 2948 id
442 2883 464 2949 J
467 2881 534 2947 ulie
549 2881 670 2947 familiae
681 2881 816 2965 dignitati
829 2883 933 2946 datum
947 2881 1090 2946 videatur.
1133 2883 1253 2947 Ebdem
1264 2883 1372 2948 recidit
1385 2883 1465 2967 lipsii

351 2991 517 3071 seutentiu3
539 2991 729 3079 conjiciebat,
750 2993 862 3079 qnippe
878 2990 937 3056 toli
946 3003 1083 3078 parente,
1097 2991 1145 3056 rel
1158 2994 1270 3079 quippe
1289 2993 1347 3058 itte
1353 3005 1465 3080 parente

351 3103 461 3193 geniti,
474 3099 567 3166 veluti
579 3123 633 3186 per
646 3100 873 3166 admirationem
888 3100 1019 3165 dictum:
1044 3115 1172 3166 veterem
1185 3100 1299 3168 librum
1313 3105 1465 3190 Hispanum

354 3213 467 3291 laudat,
491 3209 522 3275 in
541 3233 602 3296 quo
616 3233 678 3274 non
691 3209 765 3290 alit,
787 3211 840 3275 sed
857 3209 925 3275 atet
943 3210 1108 3295 legebatur.
1151 3211 1222 3297 Ego
1241 3215 1314 3277 verb
1334 3213 1465 3298 vulgatam

354 3323 535 3406 scripturam
559 3319 681 3384 defendi
705 3342 795 3404 posse
819 3320 976 3385 existimo:
1009 3319 1126 3385 scilicet
1148 3323 1201 3385 ubi
1226 3323 1296 3408 quis
1320 3325 1413 3402 miser,
1431 3322 1466 3386 illi

355 3431 550 3518 quicumque
563 3429 601 3493 de
615 3431 706 3494 causi
721 3443 856 3494 nocetur.
890 3419 977 3494 'Piso
991 3432 1072 3517 aquit
1086 3445 1176 3519 atque
1190 3433 1251 3516 igni
1274 3433 1379 3499 Silano
1392 3434 1465 3497 inter·

355 3539 526 3619 dicendum,
537 3538 697 3625 ipsumque
710 3539 902 3622 relegendum
916 3555 1091 3622 censuerat3
1107 3555 1143 3607 ut
1151 3543 1286 3607 meubnb
1298 3547 1464 3609 Fonummm

355 3661 442 3737 parte
465 3649 683 3729 exturbaretur,
707 3649 765 3714 Cn.
783 3648 931 3716 Ienmlus
952 3651 1028 3716 dixit
1048 3655 1212 3737 sepamnda
1233 3654 1329 3720 Silani
1352 3667 1464 3718 mutem

355 3761 446 3838 bona,
468 3759 583 3844 quippe
605 3759 657 3845 qui
681 3771 846 3843 parentem,
869 3781 929 3825 nou
947 3761 1137 3841 'tunium
1152 3763 1228 3844 alit,
1253 3777 1286 3829 et
1302 3775 1340 3830 ut·
1359 3766 1464 3840 videtur,

357 3867 479 3933 Manlii
503 3882 592 3953 gente
616 3870 746 3954 genitam
771 3871 905 3935 haberet.
934 3871 1068 3937 'Adnuit
1094 3873 1237 3940 'liberius
1265 3876 1296 3941 in
1324 3873 1464 3941 austeriore

355 3987 387 4040 et
408 3975 528 4042 mirioru
547 3991 695 4064 promtus,
723 3981 856 4045 maxime
880 3983 952 4047 cbm
976 3981 1027 4047 alii
1053 3986 1220 4051 suaderent.
1263 3987 1317 4052 Ad
1338 3989 1463 4074 majorem

355 4085 487 4154 historie
499 4087 600 4155 lucem
615 4089 848 4158 Silanistemma
857 4092 899 4159 ita
912 4094 1154 4162 concinnandum
1168 4097 1242 4163 mmi
1256 4097 1389 4164 videtin:
