3200 5509
247 194 306 251 ΑΙ)
328 191 403 253 Lis.
424 189 478 252 lv.
498 189 599 252 ΑΚΝ.
620 194 656 251 C.
676 189 800 252 CORN.
820 196 968 254 TACITI.
1122 199 1177 258 501

37 361 112 424 quae
128 363 296 426 perpaucas
311 367 358 408 rea
372 345 472 431 capite
490 357 656 423 sanxerant,
670 344 823 409 edictum:
847 353 868 384 “
883 346 918 410 Si
936 346 1004 431 quis
1018 351 1182 417 occentasit

36 450 161 515 matun
185 475 319 531 carmen,
347 454 409 517 sire
436 454 576 532 condiait‚
604 457 687 539 quod
713 455 868 519 infamiam
897 456 972 521 faxit
995 458 1181 543 flagitiumve

37 557 144 637 alteri,
172 562 283 646 capital
317 562 411 627 esto.”
455 563 646 648 Egregidque
674 562 749 627 dixit
775 564 880 630 Julius
910 567 1024 630 Paulus
1051 581 1180 633 sentent.
1241 621 1244 628 .

37 668 211 736 v.'1'1t.4.
243 669 409 736 “Intereat
426 672 506 735 enim
530 669 661 757 publicae
682 672 859 758 disciplinas,
879 676 1053 759 opinionem
1076 678 1180 743 unius·

35 780 195 864 cujusque
215 781 297 866 turpi
316 783 455 846 camrinis
469 782 594 847 infamis
608 782 788 846 vindicare.’'
835 783 910 847 Vide
924 798 956 849 et
970 785 1109 851 codicem
1125 809 1177 853 lx.

33 884 106 952 Tit.
121 891 176 954 86.

81 1095 177 1171 Cae.
200 1108 252 1171 86.
277 1105 463 1193 Praefectum
493 1105 594 1170 Urbis.
638 1103 687 1169 lta
712 1106 788 1169 MS.
813 1106 896 1169 Flor.
924 1119 955 1171 et
976 1105 1046 1170 libri
1071 1130 1177 1172 omnes

23 1215 124 1280 editi.
169 1216 297 1281 Ursinus
312 1241 349 1281 ex
363 1216 474 1281 fictitio
488 1239 543 1279 suo
559 1216 636 1279 MS.
650 1215 757 1278 codice
771 1215 883 1294 laudat,
903 1215 991 1280 Urbi.

83 1325 217 1411 Objectn
239 1326 360 1412 publici
385 1324 550 1412 Cyzicenis.
595 1323 736 1403 Publice,
759 1347 819 1389 non
841 1327 880 1388 ad
902 1326 1031 1411 objecta,
1058 1327 1110 1390 sed
1138 1328 1177 1390 ad

35 1432 213 1523 Cyzicenis,
227 1439 322 1499 refert
337 1435 494 1513 Ernestus,
508 1434 540 1496 id
553 1446 610 1512 eat,
629 1432 781 1521 Cyzicena
795 1434 926 1499 civitati.

12 1681 37 1712 ·,
77 1650 175 1715 Cae.
197 1660 250 1716 38.
277 1650 321 1714 Ut
340 1652 509 1737 majoribus
529 1654 612 1717 aneia.
663 1652 723 1716 Pro
737 1661 772 1714 ut
795 1661 891 1712 tentat
912 1647 1069 1726 Emestua,
1087 1645 1177 1711 rivel

28 1760 98 1824 aedi.
149 1762 196 1825 At
212 1761 336 1845 optimis
358 1761 556 1845 scriptoribus
578 1766 751 1846 probatum,
773 1772 808 1824 ut
829 1758 982 1844 produn,
1004 1755 1175 1820 dummodd.

31 1870 69 1933 Si
83 1870 164 1954 quid
177 1872 360 1949 novandum,
376 1871 479 1956 potius
493 1873 645 1950 adderem,
658 1882 693 1934 ut
707 1892 754 1934 me
766 1868 933 1955 mujodbus
949 1866 1022 1930 meis
1036 1866 1174 1952 dignum.

29 1978 93 2045 Me
107 1979 214 2064 potuit
227 1979 318 2043 facile
332 1980 487 2058 excidere;
508 1991 611 2064 potest
624 2002 747 2064 quoque
761 1977 899 2062 intelligi.

75 2082 159 2153 Pro'
173 2087 326 2174 sepulcris.
370 2088 496 2152 Frustra
515 2101 609 2153 tentat
627 2089 785 2166 Erneatus,
804 2109 865 2173 pro
886 2085 1018 2172 sepultis.
1063 2085 1174 2170 Sepul-

28 2199 92 2264 cria
106 2199 308 2277 destinantur,
323 2198 410 2283 aeque
424 2221 460 2262 ac
475 2199 613 2282 sepulcra
627 2210 818 2283 spernuntur.

56 2309 123 2374 ,Er
152 2307 236 2373 Deos
256 2311 334 2394 apros
350 2331 468 2394 precor.
512 2306 550 2370 ln
564 2307 640 2372 MS.
666 2308 748 2372 Flor.
772 2319 800 2371 et
821 2307 906 2371 Deos
926 2308 955 2372 ei
978 2305 1063 2370 Deos
1084 2307 1171 2392 ipsos.

29 2418 209 2482 Beroaldus
234 2431 266 2482 et
292 2432 407 2482 veteres
427 2418 558 2496 edidere,
580 2430 613 2483 et
643 2416 727 2482 Deos
753 2430 782 2483 et
806 2416 892 2482 Deus
919 2419 1008 2503 ipses.
1053 2416 1172 2481 Melius

29 2528 177 2594 Pichena
209 2541 241 2592 et
266 2528 447 2592 recentiores
475 2527 614 2606 omisere,
641 2540 669 2592 et
697 2527 794 2592 Deus.
838 2527 890 2591 Ab
919 2528 1063 2591 oscitante
1090 2527 1171 2592 enim
1296 2534 1301 2541 ’

29 2638 159 2703 librario
182 2638 378 2722 geminatum,
393 2648 423 2701 et
437 2635 537 2701 Deos:
560 2637 690 2722 plurima
709 2638 739 2700 id
764 2660 857 2720 genus
874 2637 1014 2721 exempla
1027 2636 1171 2720 suppedi-

28 2763 97 2813 tant
112 2747 219 2812 MSS.
235 2747 379 2811 Codices.
412 2745 567 2817 Quantum
582 2747 654 2810 lieet
667 2746 830 2834 conjicere,
846 2745 930 2811 Deos
945 2744 1097 2832 Deosque,
1108 2770 1169 2811 non

28 2857 115 2937 vero,
132 2855 221 2920 Deua
234 2855 325 2940 ipsus,
340 2855 464 2920 dixisset
477 2855 630 2919 Tiberius.
735 2862 737 2869 '

77 2965 284 3052 Quandoque.
328 2964 377 3027 lta
405 2962 481 3027 MS.
507 2964 589 3027 Flos.
622 2963 690 3029 Jac.
720 2963 892 3029 Gronovius
918 2977 949 3029 et
977 2967 1169 3031 recentiores.

29 3076 207 3144 Beroaldus
222 3089 253 3139 et
266 3088 389 3152 veteres,
404 3071 659 3160 praedictamque.
703 3073 813 3139 Latini
828 3074 960 3161 quidem.
1005 3077 1067 3140 Sed
1081 3077 1169 3161 arque

28 3186 154 3267 Latine,
168 3183 359 3273 queuddque.

75 3297 267 3381 Prosperum
293 3294 341 3357 sui
367 3295 551 3359 memorium.
596 3292 761 3379 Eleganter
786 3296 912 3362 dictum.
956 3295 1045 3361 Male
1073 3310 1168 3363 tentat

29 3406 82 3474 Cl.
98 3404 285 3480 chiffletius,
294 3413 455 3488 posterum.
799 3428 800 3431 ¹

73 3618 168 3683 Car.
191 3606 244 3689 39.
298 3614 406 3681 Nimid
423 3615 560 3703 fortunat
587 3643 695 3685 socors.
747 3619 862 3687 Mallet
891 3621 1026 3707 Lipsius,
1054 3643 1168 3690 vecors.

30 3728 121 3794 Nihil
136 3727 324 3791 mutandum.

35 3886 37 3889 ψ
75 3834 309 3903 Berrevolentid.
365 3836 543 3920 Beroaldus,
572 3840 783 3907 benivolentid.
850 3841 949 3908 Recte
982 3858 1184 3935 utrumme:

28 3950 152 4038 aaepius,
166 3944 383 4028 benevolentia,
397 3949 538 4016 occurrit.
