3200 5509
248 510 318 577 xxiv
681 504 941 574 PRAEFATIO.

248 707 403 791 Africae
422 704 718 818 proconsulem,
747 705 934 813 pecuniis
953 706 1008 787 ob
1027 697 1265 793 innocentes
1286 734 1385 792 con·

250 851 518 948 demnandos,
551 836 855 933 interficiendos
885 848 1026 947 etiam,
1067 854 1250 962 acceptis
1282 851 1385 933 infa-

248 1020 372 1097 mem,
416 996 691 1091 accusassent,
735 1002 914 1087 senatus,
953 993 1136 1075 criminis
1169 994 1385 1077 atrocitate

248 1146 398 1233 motus,
425 1136 616 1219 Tacitum
636 1134 898 1244 Pliniumque
916 1136 966 1216 iis
994 1134 1136 1219 adesse
1156 1137 1300 1246 jussit:
1329 1144 1385 1231 et,

205 1306 210 1319 ·
250 1289 297 1379 ut
326 1280 417 1387 plus
436 1277 683 1361 celebritatis
703 1277 821 1373 foret,
849 1275 1130 1388 Princepsque
1161 1280 1387 1391 interesset,

249 1419 377 1503 dilata
397 1423 592 1531 cognitio.
653 1420 764 1503 Acta
796 1420 964 1503 tandem
997 1449 1122 1505 causa
1144 1417 1386 1528 frequentis-

250 1562 353 1643 simo
370 1578 528 1665 senatu,
557 1564 654 1646 crlm
684 1563 894 1673 Trajanus,
922 1564 966 1645 in
988 1563 1149 1646 Urbem
1167 1562 1310 1657 redux,
1343 1570 1386 1641 et

249 1708 393 1788 consul
412 1708 590 1804 tertium,
618 1734 728 1789 anno
750 1703 879 1788 Urbis
900 1705 1091 1790 Conditae
1118 1714 1212 1791 853.
1247 1703 1386 1815 pracsi-

241 1846 375 1931 'deret
432 1848 633 1933 Triduum
677 1850 720 1931 in
759 1848 838 1931 hac
876 1851 1110 1960 cognitione
1146 1850 1384 1934 insumtum.

248 1988 403 2075 Plinius
424 1990 695 2089 Mattianum,
717 1992 790 2102 qui
809 1990 946 2073 Mario
965 1991 1234 2076 immanitatis
1252 1989 1386 2073 socius

246 2133 394 2232 fuerat,
413 2137 625 2246 corripuit.
680 2135 879 2218 Frontoni
900 2135 1032 2232 Catio,
1058 2137 1132 2244 qui
1151 2162 1225 2242 pro
1246 2130 1384 2215 Mario

248 2273 460 2386 insigniter
476 2278 595 2377 dixit,
622 2276 791 2361 Tacitus
810 2278 1021 2388 respondit
1035 2270 1385 2386 eloquentissime,

215 2428 288 2513 ¹et
323 2419 434 2528 quod
469 2421 666 2503 eximium
696 2420 873 2503 orationi
907 2423 994 2530 ejus
1022 2421 1166 2516 inerat,
1193 2417 1381 2528 graviter.

247 2556 449 2643 Damnati
481 2561 591 2645 fuere
638 2560 797 2645 Marius
833 2573 876 2645 et
913 2561 1160 2648 Martianus.
1216 2560 1268 2643 Iu
1302 2557 1383 2642 fine

244 2703 458 2799 sententia
489 2705 708 2814 adjectum,
752 2711 778 2749 ‘⁶
798 2703 912 2812 quod
943 2702 1113 2790 Tacitus
1147 2715 1192 2785 et
1224 2699 1382 2783 Plinius

245 2852 271 2894 “
292 2846 475 2956 injuncta
487 2848 757 2931 advocatione
768 2846 984 2957 diligenter
996 2847 1237 2953 fortiterque
1248 2841 1380 2929 functi

248 2994 275 3031 “
295 3001 442 3085 essent,
483 2990 669 3073 arbitrari
707 3001 895 3073 senatum
930 2991 990 3071 ita
1026 3016 1096 3072 eos
1134 2988 1288 3082 fecisse,
1335 2994 1384 3066 ut

249 3137 275 3177 “
296 3132 469 3243 dignum
488 3132 692 3215 mandatis
712 3133 897 3243 partibus
917 3133 1099 3215 fuerit.”¹
1157 3128 1280 3211 Pares
1298 3127 1393 3207 lau-·

135 3254 143 3267 ’
248 3274 370 3360 dibus
391 3277 487 3361 fecit
508 3287 685 3374 senatus,
713 3302 818 3384 quos
847 3275 992 3358 eadem
1021 3272 1279 3367 fornicatas,
1309 3293 1385 3377 par

248 3416 440 3529 dignitas,
469 3420 698 3503 studiorum
716 3432 759 3501 et
791 3420 1025 3503 animorum
1044 3413 1268 3502 similitudo
1286 3408 1385 3495 ante

249 3562 531 3669 conjunxerat,
560 3564 605 3645 in
635 3566 786 3673 magne
815 3562 993 3647 nominis
1024 3559 1261 3646 celebritate
1287 3580 1384 3637 con·

251 3702 406 3787 cordes.

307 3991 457 4075 Nullus
489 3993 596 4075 enim
616 3992 763 4077 Tacito
781 4018 921 4101 pravae
939 3986 1212 4074 aemulationis
1231 4006 1381 4065 sensus.

206 4144 223 4186 '·
249 4130 386 4218 Immo
418 4146 551 4221 certus
583 4135 732 4219 decora
771 4136 935 4247 ingenia
963 4136 1172 4219 literarum
1200 4151 1383 4211 commu·

632 4482 645 4517 ⁸
669 4484 751 4553 Plin.
766 4485 869 4574 Epist.
885 4507 926 4553 rr.
952 4498 1001 4552 11.
