3200 5509
664 456 922 531 emmo.
1327 462 1359 532 lv

224 666 451 774 utilidsque
468 658 709 773 pertinetur.
752 658 818 742 Ea
833 671 929 743 sunt
944 660 1240 763 additamenta,
1258 666 1355 775 qn't'c

228 808 399 893 alteram
426 804 533 889 hanc
563 800 803 901 editionem,
840 804 962 889 rebus
1000 807 1123 916 priori
1158 806 1355 918 majorem

228 951 371 1035 fecere.
428 944 591 1031 Indices
620 968 789 1055 quoque
821 944 1216 1055 (Freinsbenrisnum
1237 949 1354 1033 illum

227 1118 390 1203 nempe,
415 1098 459 1173 ct
487 1088 658 1173 sltemm
688 1087 714 1171 i
743 1090 921 1201 meipso
937 1089 1281 1191 consarcinatum)
1311 1100 1355 1173 et

225 1230 481 1317 commodirls
497 1241 542 1311 ct
559 1228 761 1341 copiosids
779 1230 986 1315 distributi
1002 1242 1109 1314 sunt

224 1556 227 1561 ¹
285 1511 413 1597 Nunc
431 1508 526 1597 verb
540 1492 738 1621 percursis
753 1505 903 1592 laboris
913 1512 1039 1594 nostri
1053 1516 1244 1615 consiliis,
1258 1540 1353 1626 quse

226 1656 512 1743 nobisfuerint
529 1651 709 1735 subsidia
732 1651 1055 1737 memorandum.
1110 1655 1242 1769 Super
1269 1658 1355 1741 edi·
1449 1633 1453 1647 ⁸

226 1800 372 1897 tiones,
409 1824 513 1907 quas
544 1794 587 1879 in
618 1794 747 1877 alteri
784 1790 1041 1878 Proefationis
1078 1810 1196 1909 parte
1226 1797 1353 1884 modi

227 1937 536 2052 appellavimus,
553 1934 791 2044 adjumento
810 1932 922 2017 mere
938 1962 1066 2019 manu
1085 1941 1226 2051 scripti
1241 1942 1354 2027 eodi-

228 2110 310 2178 ces,
337 2094 428 2164 tum
447 2081 501 2165 ab
532 2054 636 2177 aliis,
662 2086 752 2159 tum
783 2075 811 2159 b
842 2078 959 2162 nobis
989 2077 1176 2191 inspecti.
1232 2082 1353 2168 Anti.

229 2226 385 2335 quitate
418 2222 621 2335 principa
651 2220 778 2303 habet
813 2217 1049 2303 ituenuna
1082 2222 1352 2309 Bibliotheca.

229 2364 312 2465 Ibi,
336 2375 387 2449 ut
407 2366 496 2477 jam
522 2362 679 2460 monui.
707 2361 803 2446 MS.
833 2362 979 2462 codex,
1005 2364 1190 2447 omnium
1219 2378 1356 2449 vetus-

175 2518 182 2527 '
229 2506 418 2608 tissimus,
475 2506 520 2591 in
566 2502 800 2589 Corbeiensi
854 2507 1101 2590 monasterio
1156 2518 1353 2618 repertus

226 2626 379 2735 itherii
413 2650 701 2762 principatum,
743 2676 815 2733 seu
847 2675 918 2733 sex
949 2648 1103 2761 priores
1129 2648 1354 2734 Annalium

228 2794 365 2891 lib'ros,
406 2790 569 2875 tantrim
601 2792 902 2903 complectitur.
956 2790 1075 2877 Alter
1102 2791 1256 2876 ibidem
1291 2800 1356 2877 est

230 2921 325 3019 MS.
343 2935 489 3033 codex,
507 2935 647 3044 inquo
666 2946 763 3017 sunt
775 2960 848 3019 sex
865 2934 1105 3043 posteriores
1118 2934 1356 3035 Annalium,

228 3088 272 3161 'et
286 3076 558 3161 Historiarum
573 3077 757 3188 quinque
772 3074 879 3158 libri.
934 3074 1140 3159 Exaratus
1153 3075 1355 3161 estliteris

230 3207 607 3334 Langobardorum,
648 3244 824 3329 quorum
856 3244 918 3301 res
950 3217 995 3301 in
1027 3213 1151 3335 ltalia
1186 3214 1355 3299 Carolus

230 3355 411 3473 Magnus
429 3358 591 3444 adflixit
607 3388 718 3443 anno
735 3350 831 3457 772.
888 3357 997 3443 Eum
1025 3358 1206 3443 Pichena
1233 3357 1356 3471 longe

230 3504 491 3587 vetustiorem
529 3501 714 3600 credidit,
761 3497 891 3612 qudd
911 3502 954 3585 iu
993 3528 1043 3585 eo
1079 3500 1356 3613 subscriptum

229 3647 406 3756 reperit:
435 3650 461 3691 ‘⁶
483 3641 575 3756 Ego
594 3642 805 3729 Sallustius
823 3644 903 3755 legi
920 3654 964 3728 et
975 3643 1192 3728 emendavi
1210 3642 1376 3727 Romae-

227 3786 339 3887 felix,
387 3784 544 3871 Olibrio
589 3798 633 3869 et
680 3784 861 3871 Probino
896 3788 1143 3881 consulibus,
1188 3786 1232 3867 in
1268 3783 1357 3866 foro

229 3926 379 4013 Martis
415 3928 706 4013 controversias
751 3929 985 4015 declamans
1030 3925 1180 4013 oratori
1219 3923 1358 4010 Ende-

228 4069 375 4153 lechio.
430 4068 584 4154 Rursus
604 4068 961 4183 Constantinopoli
986 4069 1203 4181 recognovi
1221 4066 1358 4151 Caesu-¹

229 4198 289 4295 rio
305 4224 351 4297 ct
365 4210 511 4297 Attico
529 4212 799 4297 oonsulibus?
855 4211 917 4296 At
932 4210 1126 4294 librariis.
1138 4236 1229 4293 mos
1246 4238 1358 4322 saepe

232 4352 324 4455 fuit,
365 4380 457 4467 quae
490 4356 535 4442 in
565 4352 772 4439 codicibus
801 4354 1039 4467 reperirent,
1077 4352 1356 4452 transcribere,
