3200 5509
333 549 389 612 ιω
686 545 720 602 c.
744 541 941 609 conunuu
960 542 1095 604 mern
1246 528 1286 602 i.
1299 545 1338 604 υ.
1349 546 1383 604 c.
1394 551 1462 612 trs.

323 699 433 778 ceteri
459 723 597 800 quoque
613 697 855 798 consanguinei
870 699 1070 772 nondnatim
1091 698 1268 795 perscripti
1288 698 1376 772 s'nt:
1399 727 1460 773 seu

321 816 520 892 'valetudine
536 813 818 910 praepediebatur,
843 835 905 885 seu
926 813 1034 885 victus
1055 813 1151 884 luctu
1167 812 1314 903 animus,
1336 817 1459 914 magni.

329 931 483 1005 tudinem
509 928 588 1000 mali
613 925 764 1024 perferre
796 925 872 998 visu
897 949 968 998 non
993 926 1169 998 toleravit:
1194 926 1332 1000 facilius
1356 931 1459 1002 credi-
1563 986 1564 1025 q

322 1046 452 1134 derim,
489 1043 628 1116 Tiberio
655 1059 688 1114 et
717 1040 890 1138 Augusti,
928 1041 988 1138 qui
1009 1042 1114 1113 domo
1139 1065 1211 1114 non
1239 1044 1461 1130 excedebant,
1563 1028 1564 1085 l

246 1165 250 1173 '
330 1159 525 1248 colubitam,
542 1175 580 1230 ut
595 1181 657 1252 par
673 1181 817 1243 moeror,
843 1173 878 1228 et
903 1156 1019 1230 matris
1034 1157 1209 1253 exentplo‚
1235 1157 1309 1229 aria
1325 1182 1462 1254 quoque

320 1281 365 1346 'et
379 1277 541 1371 patruus¹
566 1270 698 1344 attineri
713 1271 921 1344 viderentur.

379 1515 414 1574 4.
439 1502 548 1590 Dies,
577 1527 647 1600 quo
676 1502 828 1600 reliquiae
853 1502 988 1576 stmulo
1019 1502 1194 1601 Augusti²
1218 1501 1462 1588 inferebantur,

323 1617 439 1694 uodo
472 1643 534 1714 per
566 1617 735 1690 alentium
770 1623 908 1707 vastus,³
948 1618 1056 1690 modo
1087 1617 1274 1714 ploratibus
1310 1616 1461 1712 inquies:

330 1731 431 1827 plena
447 1731 540 1804 urbis
561 1731 691 1820 itinera,
711 1731 929 1805 conlucentes
944 1757 1007 1829 per
1018 1757 1177 1828 campum
1189 1731 1312 1802 Martis
1326 1729 1464 1802 latest*

331 1844 399 1916 illic
416 1845 512 1918 miles
528 1871 609 1917 cum
635 1845 749 1934 arntis,
765 1845 837 1918 sine
848 1845 1056 1942 insignibus⁵
1076 1845 1303 1943 magistratus,
1319 1845 1465 1940 populus

331 1983 394 2055 per
406 1959 526 2048 tribus,
552 1959 779 2032 “concidisse
801 1959 1059 2057 rempublicam,
1081 1959 1164 2031 niltil
1180 1960 1252 2054 spei
1267 1958 1463 2054 reliquum''

322 2071 569 2164 clamitabant3
606 2073 775 2169 promtids
804 2068 1052 2171 apertiusque‚⁶
1074 2058 1181 2171 quim
1209 2090 1248 2145 ut
1273 2072 1466 2144 meminisse

332 2185 596 2282 imperitantium
611 2188 777 2261 crederes.
811 2187 908 2260 Nihil
923 2207 1038 2260 tamen
1053 2189 1230 2260 Tiberium
1245 2188 1355 2284 magis
1365 2211 1465 2282 pene·

323 2300 445 2390 travit,
479 2299 585 2397 quim
618 2302 728 2374 studia
759 2302 939 2375 hominum
970 2327 1111 2376 accensa
1143 2302 1179 2374 in
1214 2301 1463 2400 Agrippinam

320 2415 419 2487 'curn
444 2415 590 2488 “decus
615 2414 745 2510 pattiae,
771 2417 884 2487 solum
911 2416 1061 2514 Augusti
1081 2417 1308 2513 sanguinem,⁷
1327 2415 1465 2487 unicum

335 2527 579 2624 “antiquitatis
607 2529 804 2624 specimen”
841 2532 1062 2626 appellarent,
1088 2532 1244 2627 versique
1271 2531 1316 2602 ad
1338 2531 1465 2601 coelum

335 2663 375 2713 ac
390 2643 500 2728 Deos,
517 2649 542 2684 “
552 2643 719 2741 integram
728 2643 777 2716 illi
788 2647 957 2738 subolem,
966 2671 1005 2720 ac
1021 2645 1233 2743 superstitem
1242 2643 1463 2741 iniquorum”

336 2770 565 2850 precarentur.

314 2971 317 2978 ’
385 2964 420 3026 5.
446 2953 577 3028 Fusus
593 2955 652 3054 qui
667 2956 793 3053 publici
809 2953 938 3034 fimetis
953 2985 1115 3058 pompam
1130 2959 1354 3057 requirerent,
1376 2981 1466 3030 com·

358 3229 363 3240 Ι
379 3148 389 3175 ¹
405 3151 480 3208 Aria
492 3169 595 3228 quoque
615 3163 643 3212 tt
659 3165 787 3232 patruus.
830 3159 876 3216 Li·
930 3162 1122 3236 potestatione
1134 3156 1228 3214 annud
1246 3157 1384 3226 obtinuit,
1406 3157 1466 3213 uide

321 3247 385 3286 ma
395 3241 424 3286 et
436 3230 575 3290 Tiberius.
931 3241 1010 3296 Suet.
1024 3245 1099 3313 Aug.
1112 3245 1161 3306 98.
1180 3249 1209 3293 et
1222 3238 1295 3293 adeo
1306 3237 1392 3294 tritus
1405 3237 1466 3304 fuit,

378 3301 529 3368 ¹Turuulo
556 3313 687 3391 Augusti.
733 3315 876 3374 Tumulus
930 3330 964 3375 ut
977 3320 1108 3386 Isidorus,
1130 3323 1174 3374 12.
1190 3323 1218 3374 a.
1260 3315 1466 3373 Fususdictum

341 3389 460 3464 Augusti
491 3390 519 3445 in
547 3411 648 3470 campo
673 3397 779 3454 lllsrtio
805 3397 877 3454 inter
930 3397 1077 3474 dsuuilrus
1093 3397 1216 3454 adrensis
1230 3395 1307 3464 velit,
1322 3415 1392 3470 quos
1404 3402 1466 3451 uste

315 3527 318 3537 ,
339 3467 504 3524 Flaminiam
514 3469 587 3527 viam
601 3473 746 3552 ripamque
758 3476 877 3532 Tiberis.
918 3476 1060 3554 structum
1072 3476 1186 3553 papyris
1203 3475 1386 3532 circumdatis
1401 3476 1468 3531 tult-

340 3547 448 3604 Estant
457 3549 552 3606 adhuc
563 3552 674 3623 rudore,
683 3574 746 3628 quae
760 3555 875 3612 exhibet
930 3557 989 3612 riut
997 3579 1008 3622 ,·
1032 3557 1107 3631 Lips.
1121 3556 1166 3612 Cl.
1177 3555 1346 3611 Kircbman.
1359 3556 1396 3612 de
1408 3555 1466 3610 fua.

339 3625 531 3687 d’Oiurbclte:
556 3629 652 3689 Rertes
673 3633 706 3690 dc
727 3633 875 3692 Fuucicuuc
931 3635 1014 3692 Rom.
1027 3641 1046 3693 2
1060 3649 1087 3692 ct
1099 3641 1128 3692 8.

339 3705 434 3776 Rotue,
449 3706 503 3764 vol.
518 3727 540 3764 1.
548 3729 576 3785 p.
592 3715 639 3774 87.
970 3712 980 3745 ⁵
1009 3714 1075 3771 Sine
1101 3713 1262 3789 insignibus.
1316 3713 1383 3771 Sint·
1403 3713 1466 3789 logi

379 3779 475 3842 Ῥω·
499 3787 636 3846 silentium
662 3802 765 3852 custus.
808 3795 876 3853 Dies
931 3793 1079 3870 ptmtestn,
1103 3794 1162 3849 sine
1188 3793 1289 3860 sutilis,
1325 3792 1384 3849 siue.
1410 3794 1466 3849 lato

318 3883 324 3892 ·
339 3863 397 3935 ille,
409 3867 494 3924 modd
505 3881 618 3942 propter
629 3869 782 3942 silentium,
794 3876 876 3931 vasti·
930 3873 1022 3941 clavo,
1033 3873 1153 3947 aliisque
1166 3872 1466 3949 dignitatisiusigtibus

340 3954 426 4001 tatem
452 3965 486 4003 uc
515 3947 694 4005 solitudinem
722 3953 876 4022 referebam
931 3964 964 4009 ut
977 3953 1053 4010 recte
1066 3952 1192 4026 explicat
1207 3951 1327 4026 Lipsius.

340 4023 427 4080 modo
453 4041 566 4103 proptor
587 4027 722 4102 ploratus,
752 4044 812 4090 emt
835 4035 876 4090 in·
969 4026 1137 4088 ‘Promtitls
1154 4030 1340 4106 apertiusque.
1373 4033 1469 4089 Prom-

320 4103 719 4246 -qlutntlun
930 4109 1469 4249 ttutttunntsnn

340 4261 482 4338 disseces.
511 4205 656 4342 Nampqui
675 4209 759 4326 inniti
785 4291 878 4348 prose·
931 4271 1003 4327 tium
1016 4270 1172 4327 meminisse
1184 4270 1319 4326 erculeres.
1350 4211 1378 4267 p(

322 4344 501 4417 'quebantur
525 4363 687 4419 puerorum,
707 4365 799 4405 ornos
820 4369 879 4406 mu·
971 4345 984 4381 ²
1019 4350 1111 4407 Solum
1142 4349 1266 4424 Augusti
1301 4349 1466 4427 rotimum.

340 4424 422 4479 nibus
445 4425 598 4498 gistabsnt,
626 4427 674 4499 qui
702 4427 876 4498 adultorum,
933 4429 1077 4486 Plurimus
1099 4429 1194 4485 adbuc
1215 4431 1331 4486 extabat
1346 4429 1465 4504 Augusti

342 4501 875 4582 candolus,sustulissem,quisttoctu
931 4511 1052 4584 sanguis.
1094 4512 1135 4564 At
1159 4527 1216 4566 unu
1237 4509 1396 4588 Agrippina
1408 4512 1467 4565 su·

341 4581 408 4636 olim
434 4581 570 4638 caducum
601 4583 683 4640 solitu
712 4587 812 4656 offerri,
844 4600 877 4644 ut
931 4601 1014 4666 gusto
1025 4589 1118 4666 digna.

266 4682 270 4696 ·
343 4661 473 4720 Donatus
484 4661 593 4719 censet:
612 4665 664 4740 qui
679 4683 737 4724 mos
749 4667 835 4728 etiam
848 4667 885 4725 in·
1098 4667 1103 4678 “
