3200 5509
286 206 344 263 AD
366 203 441 265 ms.
464 203 500 263 V.
521 204 623 264 ANN.
643 205 678 264 C.
698 204 823 264 CORN.
843 206 991 266 TACITI.
1146 215 1203 272 518

70 360 137 448 ejus
154 358 296 422 mandata
309 356 448 422 lubenter
461 357 664 441 exsequendo,
679 356 776 422 nullas
790 358 855 443 ejus
870 381 917 422 res
934 339 1107 439 scrutando,
1121 359 1205 426 lusus

71 471 136 557 ejus
147 490 288 533 venereos
302 491 364 532 nou
374 468 493 532 tantrlm
503 490 564 532 non
575 466 760 548 insectando,
772 470 825 532 sed
834 468 953 553 penitus
963 470 1208 535 dissimulando?

116 578 220 644 Funus
239 581 301 665 ejas
323 577 483 642 modicum.
530 577 655 642 Sueten.
679 577 709 640 in
733 577 839 642 Tiber.
861 599 908 643 nr.
934 587 960 668 ξ’
976 580 1062 645 Toto
1084 581 1206 665 quidem

71 688 210 768 triennio,
232 711 306 773 quo,
329 687 445 768 vivente
463 699 568 768 matre,
591 687 689 751 abfuit
709 685 859 766 Tiberius,
878 689 970 753 semel
988 690 1113 755 omnino
1127 715 1206 771 eam,

70 823 128 865 neo
150 798 282 884 amplilts
302 796 395 883 qu'dm
418 821 480 863 uno
503 797 562 878 die,
585 819 621 862 ac
642 798 834 883 paucissimis
858 799 931 865 vidit
952 799 1043 880 horis,
1065 824 1100 864 ac
1122 825 1207 880 mox,

69 933 169 995 neque
190 931 276 993 aegre
300 910 403 973 adesse
424 908 549 988 curavit,
575 910 821 994 defunctamque,
843 921 874 972 et
895 912 968 974 dum
990 904 1135 975 adventtts
1159 911 1207 977 sui

70 1043 157 1105 spem
173 1020 254 1100 iacit,
268 1017 473 1102 complurium
493 1017 610 1082 dierum
633 1019 732 1098 mord,
751 1032 896 1104 corrupto
911 1021 1034 1085 demum
1048 1034 1080 1084 et
1101 1021 1206 1086 tabido

70 1151 200 1216 corpore
213 1132 380 1193 funeratam
395 1127 553 1214 prohibuit
565 1127 733 1193 consecrari
738 1127 764 1191 .''

114 1345 204 1414 Car.
236 1356 266 1413 Ω.
306 1345 441 1412 Caelestis
468 1346 586 1433 religio.
630 1345 706 1411 Inde
734 1345 873 1413 falsitatis
908 1372 1014 1432 arguas
1046 1370 1206 1412 nummum

71 1481 195 1539 aereum,
213 1456 315 1543 magni
339 1456 465 1538 moduli,
486 1455 504 1519 d
525 1456 685 1537 Morellio,
704 1457 800 1522 Thes.
827 1457 925 1523 Num.
944 1458 1019 1523 Vol.
1037 1480 1061 1522 1.
1086 1482 1117 1543 p.
1132 1467 1206 1529 477.

20 1542 24 1557 '
71 1559 206 1633 sutum:
240 1570 275 1632 s.
309 1567 348 1631 Ρ.
381 1567 424 1640 o.
455 1566 496 1630 n.
529 1566 693 1632 mvsa
725 1566 908 1633 1vn1As
939 1568 1056 1633 sve.
1093 1566 1207 1632 n1v1

70 1676 177 1743 1²11..
230 1677 317 1763 Bigae
346 1677 497 1743 mularum
526 1702 597 1743 curu
623 1680 740 1744 thensd.
784 1677 822 1743 ln
850 1679 971 1766 posticd
1000 1692 1095 1765 parte.
1138 1679 1220 1743 TI.

70 1787 282 1854 CAESAR
315 1787 432 1853 DIVI
468 1789 596 1855 AVG.
634 1789 670 1852 F.
704 1789 940 1855 AVGVST.
973 1790 1011 1853 P.
1041 1790 1092 1853 M.
1122 1788 1207 1854 TR.

72 1898 194 1965 POT.
225 1898 384 1964 xxrrII.
414 1898 452 1963 In
476 1901 588 1978 medio,
613 1901 647 1964 S.
675 1900 714 1964 C.
740 1900 771 1964 id
795 1914 851 1980 est,
875 1911 998 1965 senatus
1020 1899 1208 1986 populusque

72 2009 233 2075 Rornonrrs
246 2010 323 2075 dioc
337 2008 443 2086 Jnlin,
464 2009 622 2095 Angusta,
641 2008 707 2073 dici
714 2008 806 2094 filice.
854 2009 993 2073 Tiberim
1012 2008 1124 2087 Caesor,
1142 2009 1209 2073 divi

71 2120 209 2207 Augusti
220 2117 320 2204 filins,
338 2118 507 2205 Augustas,
522 2115 668 2204 pontifex
686 2118 845 2194 mocimus,
865 2117 1036 2183 tribunicio
1050 2119 1209 2204 potestatis

69 2252 153 2295 anno
167 2238 277 2317 quarto
288 2229 479 2315 stoigssimo,
493 2225 535 2290 U.
551 2224 590 2290 C.
606 2233 680 2295 782.
705 2224 979 2301 Senotusoonsulto.
1010 2229 1105 2302 Quod
1117 2253 1208 2315 nega·

69 2352 155 2407 verat
176 2339 332 2417 liberius,
360 2336 469 2402 tribuit
497 2334 655 2414 Claudius,
684 2347 760 2399 teste
787 2336 934 2402 Suetonio
959 2337 989 2402 in
1017 2337 1127 2403 Claud.
1154 2362 1207 2404 xi.

68 2455 89 2490 “
103 2449 191 2516 Aria
206 2449 300 2514 liviae
314 2448 432 2513 divinos
445 2447 586 2524 honores,
601 2460 633 2511 et
647 2445 774 2510 circensi
793 2448 911 2532 pompd
929 2471 1051 2513 currum
1066 2449 1209 2535 elephan·
1228 2470 1230 2475 ’

70 2573 174 2629 torum
202 2561 362 2646 Augusteo
389 2558 532 2624 similem·
547 2558 769 2624 decernendum
797 2556 940 2621 curavit?
991 2558 1024 2623 T
1024 2582 1083 2624 unc
1115 2581 1207 2624 cusus

70 2669 181 2738 Musei
191 2669 422 2755 'llreupolitani
438 2667 510 2733 Vol.
522 2689 545 2731 r.
560 2690 591 2751 p.
601 2675 676 2732 888.
691 2688 854 2732 nummus:
872 2664 1019 2732 Dtvvs
1036 2664 1209 2734 AVGVS-

69 2781 178 2861 TVS,
200 2779 299 2865 capite
323 2779 447 2843 radiato.
492 2777 542 2840 Ex
562 2775 657 2840 altera
679 2788 773 2861 parte,
801 2774 931 2841 DIVA
954 2777 1207 2862 AVGVSTA,

70 2891 162 2966 'Ijvia
172 2892 287 2970 sedens,
300 2889 407 2954 dextri
420 2910 550 2964 ramum,
564 2885 683 2950 sinistri
697 2886 812 2949 hastam
823 2897 915 2950 tenet.

116 3089 207 3155 Car.
229 3098 259 3154 8.
286 3087 403 3176 Urgent
424 3087 603 3152 dominatio.
647 3085 697 3150 lta
721 3086 866 3152 editiones
890 3098 1005 3153 veteres
1028 3100 1059 3154 et
1081 3089 1209 3154 recenti·

71 3223 150 3268 ores·
195 3197 284 3265 Male
300 3199 436 3284 Lipsius,
454 3221 579 3287 vergens
597 3197 777 3261 dominatio.
811 3196 939 3286 Urgens,
955 3199 986 3262 id
1000 3212 1056 3280 est,
1067 3200 1207 3288 gromor.

117 3311 164 3378 Et
178 3311 334 3377 soliditas.
378 3310 504 3376 Frustra
518 3320 613 3374 tentat
627 3306 794 3386 Acidaliae,
808 3308 861 3372 sed
873 3308 1031 3375 cohibitas.

118 3527 207 3592 Car.
228 3536 260 3592 4.
296 3526 518 3613 componendis
548 3539 676 3614 patrum
708 3526 794 3591 actis.
840 3527 918 3590 Sunt
948 3522 1040 3588 veluti
1069 3523 1208 3609 quedam

72 3660 173 3704 rerum
193 3638 391 3702 humanamm
405 3629 635 3718 vicissitudines,
657 3636 767 3723 quibus
781 3635 984 3712 circumactis,
1005 3633 1097 3697 iidem
1110 3629 1209 3697 ferrnd

71 3750 241 3825 hominurn,
263 3748 453 3832 ingeniorum
473 3731 705 3813 etiieventorum
725 3747 844 3812 ordines
869 3743 1075 3810 revolvuntur.
1121 3741 1211 3806 Nihil

72 3859 165 3946 igitur
178 3861 215 3924 ad
231 3859 386 3945 prasentia
402 3859 557 3946 futtuique
572 3859 774 3945 prudentiam,
793 3840 936 3943 praeteriti
952 3837 1084 3927 scientii
1101 3853 1215 3936 aptius,

73 3969 147 4033 nihil
161 3969 257 4054 magis
279 3969 490 4033 necessarium.
534 3968 610 4034 Inde
624 3970 706 4055 apud
726 3982 831 4053 gentes
845 3990 950 4031 omnes
972 3967 1116 4054 inputant
1131 3961 1226 4025 Acto-

75 4101 144 4142 rum
169 4104 258 4160 usus3
281 4092 322 4159 et,
347 4077 553 4143 siliterarum
581 4080 669 4144 rudes
692 4092 800 4157 essent,
826 4077 966 4142 cantibus
1000 4097 1126 4185 affigere
1151 4062 1240 4144 &effi

76 4202 207 4253 veterem
229 4189 419 4255 memoriam
437 4211 658 4254 consecravere.
701 4187 837 4254 Utrum
860 4187 923 4268 ille,
950 4216 1049 4313 ιω
1100 4181 1260 4274 goni-auos

75 4298 282 4386 pervulgatus,
296 4299 473 4381 illustretur,
487 4322 586 4385 pauca
602 4299 701 4386 Lipsii
718 4298 862 4386 exemplo
880 4298 996 4392 disse,
1045 4245 1110 4463 ὁὸ
1171 4337 1181 4355 ·

289 4421 370 4468 vos.
396 4421 419 4468 1.
