3200 5509
400 544 457 605 so
479 540 554 603 orn.
576 538 633 599 111.
653 540 754 599 nnn.
774 540 810 599 c.
830 532 955 604 cono.
973 539 1125 604 rncrrr.
1146 530 1149 535 '
1263 548 1321 608 us

237 695 329 759 Cer.
342 698 396 759 25.
441 692 519 758 Post
546 691 652 757 Julius
679 690 862 777 rogationes.
916 692 993 770 Les,
1020 694 1322 781 rogariouioebatur,

192 802 289 889 quid,
303 815 401 866 stante
413 802 581 886 republici,
593 800 730 865 omnium
743 799 845 884 legum
860 802 1050 868 ferendarum
1066 817 1170 869 auctor
1191 807 1322 891 populus
1348 882 1351 889 y

193 916 373 996 rogubntur:
399 913 487 998 cujus
514 911 635 997 quidem
663 909 827 993 rogationis
856 910 1018 975 formulam
1045 910 1191 979 hebemus
1218 916 1249 979 in
1277 918 1323 985 his

192 1022 293 1085 verbis
306 1020 461 1085 Ciceronis
480 1042 537 1105 pro
559 1021 652 1083 domo
671 1020 737 1097 sub,
758 1016 971 1083 VELITIS
991 1018 1235 1089 IVBEATIS
1258 1030 1324 1094 VT

196 1128 249 1192 M.
270 1127 464 1193 TVLLIO
486 1129 625 1201 AQVA
647 1128 711 1192 ET
732 1126 879 1193 IGNIS
910 1122 1322 1205 INTERDICATVR.

194 1236 304 1325 ltoque
328 1240 397 1303 crim
411 1240 539 1302 ferretur
551 1238 611 1315 ier,
625 1237 762 1321 rogatio:
793 1240 864 1303 cum
886 1237 946 1303 luta
973 1253 1061 1319 esset,
1079 1244 1177 1327 jussio
1199 1251 1323 1333 proprii

194 1349 361 1414 dicebatur.
404 1349 552 1420 Qucum
566 1348 624 1411 siut
639 1346 697 1411 illae
711 1348 891 1431 rogationes,
909 1363 960 1414 sut
973 1349 1053 1435 leges
1068 1352 1088 1417 J
1092 1352 1170 1435 uliae,
1183 1356 1262 1422 haud
1283 1362 1324 1425 ita

193 1471 397 1542 compertum.
440 1457 619 1542 Accipimus
629 1456 750 1543 quidem
763 1457 783 1519 i
798 1456 911 1536 Dione,
930 1480 1079 1547 xn111.p.
1094 1468 1168 1531 226.
1204 1469 1225 1533 J
1229 1469 1322 1535 ulium

195 1565 361 1644 Caesarem,
381 1567 465 1631 Urbe
482 1566 598 1631 civibus
615 1567 761 1631 abanet
779 1580 850 1652 post
871 1567 969 1632 civilis
983 1570 1072 1650 bella,
1087 1574 1132 1652 iis,
1146 1577 1197 1663 qui
1211 1580 1324 1673 multos

194 1673 310 1740 liberos
350 1677 570 1759 procreisssent,
610 1674 733 1761 prumia
775 1678 968 1760 proposuisse
1010 1681 1051 1743 A.
1093 1682 1134 1747 U.
1173 1685 1211 1750 C.
1251 1699 1323 1759 708.

196 1784 385 1859 nannenus
407 1780 483 1849 tona
504 1783 635 1862 britann.
680 1784 778 1867 Leges
792 1785 881 1849 etiam
904 1788 962 1849 hac
986 1789 1023 1851 de
1038 1812 1070 1853 re
1085 1792 1185 1859 tulisse
1199 1796 1325 1865 videtur.

197 1895 241 1959 A.
259 1893 301 1957 U.
326 1894 364 1959 C.
393 1897 466 1964 7³6.
525 1894 682 1977 Augustus
717 1895 816 1979 poenis
849 1898 1035 1979 grauioribus
1060 1902 1184 1967 coelibes
1218 1908 1326 1975 multe-

196 2003 251 2084 rit,
262 2018 295 2067 ct
308 2004 416 2069 iterum
439 2004 610 2088 nuptiarum
624 2018 655 2067 et
669 2002 835 2069 liberorum
849 2006 1046 2073 multitudinis
1068 2015 1192 2095 proemia
1214 2020 1325 2084 consti·

189 2111 268 2185 tuit.
314 2118 374 2187 Τοῖς
387 2139 418 2177 τε
432 2113 555 2199 ἀγάμοις
570 2114 618 2177 καὶ
631 2118 693 2189 ταῖς
707 2114 843 2202 ἀνάνδροις
864 2116 1053 2204 βαςῦτιρατὰ
1064 2124 1190 2205 intripru
1201 2127 1324 2209 διέταξε·
1353 2158 1357 2173 =

195 2224 249 2285 trad
259 2222 377 2303 ἔμπαλιν
390 2226 438 2285 roi
451 2250 482 2286 rs
497 2223 591 2307 γόμου
602 2224 649 2286 rui
659 2229 707 2299 τῆς
718 2227 888 2299 rationarius
901 2222 975 2290 ἆθλα
995 2228 1092 2305 ἔθηκεν,
1115 2231 1192 2313 Dio,
1206 2256 1276 2304 Lrv.
1292 2264 1324 2325 p.

196 2340 275 2397 581.
329 2332 405 2395 Vide
414 2345 445 2395 et
458 2331 607 2412 Gellium,
624 2350 665 2395 11.
692 2342 741 2399 15.
785 2334 899 2399 Statuit
913 2360 1033 2422 quoque
1054 2341 1198 2425 ingenuos
1211 2366 1326 2431 omnes,

199 2440 293 2508 modi
307 2454 509 2505 nesenotores
532 2454 641 2520 essent,
655 2440 807 2507 libertinus
832 2467 938 2509 uxores
963 2448 1100 2532 accipere
1125 2474 1224 2537 posse.
1247 2458 1327 2527 Hoc

183 2562 247 2613 est
259 2549 452 2616 celeberrime
464 2550 513 2613 ier
525 2550 622 2627 iulia,
634 2543 672 2615 di
684 2552 869 2617 maritandis
883 2556 1040 2622 ordinibus
1054 2559 1143 2639 dieta,
1165 2566 1328 2635 eruditissi-

200 2659 344 2722 mistum
367 2672 511 2736 veterum,
540 2674 604 2723 tum
627 2660 826 2727 recentiorum
853 2663 1147 2735 iurisconsultorum
1174 2698 1328 2744 commen·

199 2766 284 2830 toriis
304 2768 460 2831 illustrata.
503 2770 548 2833 At
561 2769 695 2833 invalidae
709 2785 793 2834 erant
806 2772 897 2856 leges,
911 2774 1102 2843 validioribus
1116 2784 1155 2845 ad
1173 2784 1327 2857 libidinem

200 2874 500 2964 Augusti-exemplis,
516 2878 591 2956 Dio,
605 2878 664 2942 loc.
678 2880 730 2944 cit.
775 2882 841 2945 Lex
856 2881 953 2968 Papia
968 2884 1115 2973 Poppaea,
1131 2894 1167 2957 de
1182 2896 1242 2980 qui
1255 2922 1327 2966 mox

201 2985 328 3065 riicetur,
354 2987 414 3051 latu
435 2988 477 3052 A.
496 2988 536 3051 U.
559 2987 599 3052 C.
617 2991 689 3059 762.
712 2990 827 3055 malum
849 2991 937 3058 latins
962 3019 1081 3081 serpere
1105 3004 1254 3086 probavit,
1268 3031 1327 3073 non

200 3096 352 3179 repressit.
395 3100 559 3162 Hesterni«
572 3098 688 3180 legibus
709 3099 852 3183 imperari
871 3116 989 3187 potest;
1012 3107 1137 3173 obtineri
1152 3134 1213 3177 non
1226 3130 1329 3200 potest

201 3202 259 3267 nisi
274 3204 377 3288 patriae
391 3229 502 3286 umore,
516 3206 686 3292 civiumque
698 3208 818 3272 virtute.

246 3310 420 3378 incitandis·
442 3317 578 3379 salibam
593 3318 701 3401 ponis.
746 3318 858 3383 Mellet
882 3320 1015 3407 Lipsius,
1038 3325 1190 3395 incitandi
1213 3332 1335 3403 celibes.

100 3420 103 3424 ’
197 3421 306 3505 ponis,
321 3422 368 3485 rel
383 3424 571 3489 intendendis
581 3426 832 3513 culibumpoenis.
866 3430 979 3497 Tentat
990 3432 1146 3517 Heinsius,
1158 3438 1329 3526 irritandis,

203 3529 250 3592 vel
264 3529 444 3596 invitandis.
468 3534 562 3597 Misc.
578 3533 655 3599 Obs.
674 3557 725 3603 rx.
740 3548 813 3611 389.
829 3548 901 3613 390.
917 3541 1004 3607 Nihil
1019 3550 1206 3615 mutandum.
1230 3552 1331 3621 Pluri-

151 3632 158 3643 “
202 3638 287 3701 mum
301 3639 345 3703 vir
357 3652 389 3703 et
401 3640 555 3725 elegantiae
576 3644 606 3707 in
630 3646 804 3728 incitandis,
824 3649 853 3712 id
876 3663 930 3732 est,
945 3656 1095 3741 sugendis,
1111 3666 1330 3742 promovendis.
1435 3680 1438 3686 '

202 3746 330 3812 Veteres
343 3772 448 3815 omnes
473 3752 618 3819 editiones
642 3756 763 3837 babent,
787 3756 948 3839 Gelidum·
970 3766 1147 3833 recentiores
1173 3770 1333 3839 Calidum.

200 3856 370 3943 Antiquam
392 3860 580 3951 scripturam,
602 3864 730 3931 honesti
743 3866 893 3950 missione,
915 3868 934 3933 d
957 3871 1063 3938 Galbt
1086 3858 1227 3966 Principe
1248 3886 1330 3964 dett,

202 3968 286 4050 apud
301 3966 391 4048 Gori,
412 3968 552 4055 inscript.
567 3973 642 4037 Ant.
663 3974 735 4039 Vol.
752 3998 776 4040 1.
795 4002 827 4063 p.
852 3988 926 4051 257.
940 3980 970 4045 in
984 3984 1044 4069 qui
1060 3987 1203 4073 scripturn
1222 3992 1331 4077 AVT

204 4073 252 4139 sl
282 4076 370 4148 QVI
392 4077 650 4145 CAELIBES
673 4083 881 4169 ESSENT‚
903 4091 1111 4160 confirmatam
1126 4100 1244 4166 retinui.

248 4185 490 4253 Saboerteretnr.
533 4188 583 4255 Its
607 4190 683 4256 MS.
702 4194 785 4259 Flor.
800 4212 914 4263 veteres
927 4202 1082 4284 editiones,
1097 4218 1127 4270 et
1141 4207 1218 4275 inter
1231 4234 1333 4279 recen,-

204 4296 297 4365 tiores
310 4297 445 4393 optimae.
478 4298 516 4365 In
530 4300 605 4382 aliis,
618 4301 872 4373 subverterentur.
894 4308 972 4376 Vide
985 4310 1146 4381 Heinsium
1161 4321 1198 4385 ud
1215 4318 1336 4387 Nason.

208 4419 265 4493 sp.
281 4404 361 4479 Fut.
379 4416 447 4483 189.
