3200 5509
266 453 299 523 lii
701 450 957 525 PRAEFATIO.

330 654 459 739 Coras
477 658 582 740 ultra
605 656 788 748 intendi;
818 656 998 761 cquue
1017 656 1274 765 summopere
1291 657 1401 741 dole·

275 826 361 883 rem
380 799 566 881 Tacitum
589 816 778 883 truncum
798 826 848 879 ae
864 797 1050 877 mutilum
1067 798 1326 896 circumferri,
1345 799 1399 888 ad

276 940 570 1057 Supplementa
582 942 736 1023 adverti
752 943 949 1034 animum,
981 967 1063 1021 non
1082 938 1192 1046 qudd
1208 940 1399 1023 Taciturn

147 1172 151 1179 ,
278 1086 429 1192 aequari
445 1112 563 1193 posse
577 1084 835 1177 confiderem,
848 1082 916 1163 sed
937 1096 981 1161 ut
995 1081 1151 1188 plenior
1165 1081 1402 1191 faciliorque
1573 1073 1574 1086 Ν

276 1224 421 1307 flueret
454 1226 539 1335 ejus
575 1227 764 1320 narratio,
791 1225 838 1309 ‚si
882 1224 1096 1331 deperdita
1132 1252 1183 1305 ex
1220 1240 1402 1307 veterum

278 1369 520 1475 scriptorum
540 1378 582 1449 et
608 1381 963 1449 monumentorum
995 1366 1075 1445 fide
1106 1365 1403 1474 supplerentur,

277 1506 386 1612 stylo
412 1535 606 1615 motuque
626 1507 1099 1616 Corneliano'eupresso.
1157 1507 1261 1592 Inde
1293 1511 1404 1591 adla-

278 1648 433 1745 bornvi,
452 1664 499 1730 ut
517 1650 651 1759 Sejani
671 1653 798 1745 ruina,
826 1662 1058 1756 ceteraque,
1082 1651 1239 1757 quain
1259 1652 1405 1759 quinto

278 1786 501 1873 Annalium
550 1794 652 1875 libro
700 1794 881 1887 deerant,
934 1794 1251 1877 restituerentur.
1310 1792 1408 1875 Dis·
1490 1808 1496 1816 '

273 1931 440 2041 junctos
459 1933 579 2015 anteri
598 1936 719 2015 libros
749 1948 909 2017 sextum
939 1946 982 2019 et
1014 1935 1277 2017 undecimum
1310 1962 1406 2017 con·

272 2100 446 2180 Junxore
459 2102 518 2156 res
534 2074 621 2157 Caii
639 2076 835 2183 Principis
851 2088 894 2156 et
908 2072 1068 2155 Claudii
1082 2075 1211 2171 initia,
1230 2089 1408 2183 quatuor

280 2211 391 2303 libris
410 2218 649 2325 composita.
685 2214 790 2297 Finis
810 2240 978 2322 quoque
1009 2214 1111 2297 libro
1129 2215 1408 2301 sextodecimo

278 2355 458 2455 additus,
487 2371 533 2441 ut
551 2360 728 2441 Neronis
747 2384 935 2465 suprema
953 2357 1217 2439 traderentur.
1273 2356 1325 2439 Io
1343 2358 1407 2442 his

281 2498 449 2605 quidem
484 2502 698 2583 subsistere
734 2502 893 2581 animus
939 2500 1115 2607 primum
1162 2498 1315 2580 fuerat:
1363 2511 1410 2581 at

281 2639 427 2746 posted
458 2642 583 2723 satiris
613 2642 742 2723 visum
776 2642 922 2747 quinto
948 2666 1117 2749 quoque
1138 2640 1409 2728 Historiarum

274 2776 386 2867 libro
396 2808 524 2890 ,opem
543 2784 656 2879 ferre,
686 2796 728 2863 et
740 2784 827 2890 jam
848 2784 999 2864 narrari
1017 2797 1199 2890 eoeptum
1220 2784 1411 2867 Hieroso-

281 2918 486 3027 lymorum
515 2924 730 3033 gentisque
760 2922 788 3007 J
792 2923 950 3006 udaicae
975 2924 1179 3005 excidium
1202 2927 1410 3035 prosequi.
1578 2899 1579 2906 Ν

277 3062 430 3153 Cetera
452 3066 701 3174 Vespasiani,
720 3064 817 3160 Titi,
837 3064 1082 3163 Domitiani,
1110 3074 1237 3173 atque
1257 3066 1409 3159 Nervae

277 3222 482 3318 tempora,
509 3208 562 3291 ad
597 3210 767 3289 alterum
793 3235 923 3315 usque
955 3208 1119 3317 Trajani
1152 3210 1412 3293 consulatum

284 3351 368 3463 (hic
387 3353 496 3437 enim
522 3377 733 3461 supremus
765 3365 829 3431 est
861 3378 992 3431 eunus
1024 3349 1051 3431 a
1080 3350 1226 3433 'l'acito
1257 3380 1415 3434 memo·

282 3508 407 3593 ratus,
426 3524 475 3577 ac
494 3494 642 3576 laboris
661 3493 788 3575 nostri
806 3492 914 3592 finis)
934 3494 1046 3575 brevi
1060 3504 1105 3575 et
1120 3492 1414 3601 compendiosa

283 3637 531 3750 'Appendioe
549 3636 756 3719 declarata
773 3647 882 3736 sunt,
910 3662 963 3721 ne
979 3663 1082 3746 opus
1100 3638 1143 3720 in
1166 3638 1412 3723 immensum

286 3792 495 3865 cresceret.

279 4120 285 4127 -
341 4070 439 4153 Huc
453 4066 548 4154 edm
561 4067 826 4162 devenissem,
841 4077 884 4148 et
899 4092 972 4176 per
984 4066 1113 4149 otium
1133 4064 1311 4153 licuisset
1324 4091 1415 4149 ma·

283 4215 345 4325 ¹gis
359 4212 572 4323 expatiari,
591 4210 701 4293 nolui
721 4222 766 4291 ut
779 4209 940 4319 egregia
951 4207 1114 4319 Trajani
1127 4218 1312 4317 tempora
1325 4206 1415 4291 diu·

286 4356 367 4440 tius
382 4356 591 4441 silerentur
600 4383 613 4450 ;
633 4354 801 4470 ejusque
818 4354 1047 4441 reseretur
1062 4348 1414 4463 memoriadignas
