<?xml version="1.0" encoding="UTF-8"?>
<!DOCTYPE html PUBLIC "-//W3C//DTD XHTML 1.0 Transitional//EN"
    "http://www.w3.org/TR/xhtml1/DTD/xhtml1-transitional.dtd">
<html xmlns="http://www.w3.org/1999/xhtml" xml:lang="en" lang="en">
 <head>
  <title>
</title>
<meta http-equiv="Content-Type" content="text/html;charset=utf-8" />
  <meta name='ocr-system' content='tesseract 3.04.00' />
  <meta name='ocr-capabilities' content='ocr_page ocr_carea ocr_par ocr_line ocrx_word'/>
</head>
<body>
  <div class='ocr_page' id='page_1' title='image "./opera00valpgoog_0043.png"; bbox 0 0 3200 5509; ppageno 0'>
   <div class='ocr_carea' id='block_1_1' title="bbox 265 449 951 525">
    <p class='ocr_par' dir='ltr' id='par_1_1' title="bbox 265 449 951 525">
     <span class='ocr_line' id='line_1_1' title="bbox 265 449 951 525; baseline -0.006 -4"><span class='ocrx_word' id='word_1_1' title='bbox 265 456 296 521; x_wconf 82' lang='lat' dir='ltr'>xl</span> <span class='ocrx_word' id='word_1_2' title='bbox 309 520 311 525; x_wconf 78' lang='grc'>,</span> <span class='ocrx_word' id='word_1_3' title='bbox 692 449 951 521; x_wconf 69' lang='lat' dir='ltr'><strong>PRAEFATIO.</strong></span> 
     </span>
    </p>
   </div>
   <div class='ocr_carea' id='block_1_2' title="bbox 268 643 1403 1053">
    <p class='ocr_par' dir='ltr' id='par_1_2' title="bbox 268 643 1403 1053">
     <span class='ocr_line' id='line_1_2' title="bbox 269 643 1400 766; baseline -0.01 -25"><span class='ocrx_word' id='word_1_4' title='bbox 269 653 445 741; x_wconf 82' lang='lat' dir='ltr'>Maximi</span> <span class='ocrx_word' id='word_1_5' title='bbox 477 665 691 766; x_wconf 77' lang='lat' dir='ltr'>quaestore,</span> <span class='ocrx_word' id='word_1_6' title='bbox 719 653 873 733; x_wconf 87' lang='lat' dir='ltr'>inventi</span> <span class='ocrx_word' id='word_1_7' title='bbox 897 663 993 732; x_wconf 90' lang='lat' dir='ltr'>sunt</span> <span class='ocrx_word' id='word_1_8' title='bbox 1022 643 1206 761; x_wconf 56' lang='lat' dir='ltr'>Quinque</span> <span class='ocrx_word' id='word_1_9' title='bbox 1236 650 1400 759; x_wconf 80' lang='lat' dir='ltr'>priores</span> 
     </span>
     <span class='ocr_line' id='line_1_3' title="bbox 269 792 1403 904; baseline -0.004 -22"><span class='ocrx_word' id='word_1_10' title='bbox 269 800 493 883; x_wconf 85' lang='lat' dir='ltr'>Annalium</span> <span class='ocrx_word' id='word_1_11' title='bbox 529 799 635 894; x_wconf 85' lang='lat' dir='ltr'>libri,</span> <span class='ocrx_word' id='word_1_12' title='bbox 688 822 788 903; x_wconf 89' lang='lat' dir='ltr'>quos</span> <span class='ocrx_word' id='word_1_13' title='bbox 838 794 1015 903; x_wconf 84' lang='lat' dir='ltr'>Lipsius,</span> <span class='ocrx_word' id='word_1_14' title='bbox 1060 796 1210 904; x_wconf 88' lang='lat' dir='ltr'>aliique</span> <span class='ocrx_word' id='word_1_15' title='bbox 1245 792 1403 903; x_wconf 72' lang='lat' dir='ltr'>posted</span> 
     </span>
     <span class='ocr_line' id='line_1_4' title="bbox 268 936 1399 1053; baseline -0.011 -24"><span class='ocrx_word' id='word_1_16' title='bbox 268 942 423 1029; x_wconf 84' lang='lat' dir='ltr'>meliori</span> <span class='ocrx_word' id='word_1_17' title='bbox 459 944 677 1053; x_wconf 84' lang='lat' dir='ltr'>partitione</span> <span class='ocrx_word' id='word_1_18' title='bbox 713 967 782 1021; x_wconf 86' lang='lat' dir='ltr'>sex</span> <span class='ocrx_word' id='word_1_19' title='bbox 820 938 1089 1020; x_wconf 83' lang='lat' dir='ltr'>numeravere.</span> <span class='ocrx_word' id='word_1_20' title='bbox 1133 936 1254 1019; x_wconf 84' lang='lat' dir='ltr'>·Hos</span> <span class='ocrx_word' id='word_1_21' title='bbox 1290 936 1399 1017; x_wconf 83' lang='lat' dir='ltr'>edm</span> 
     </span>
    </p>
   </div>
   <div class='ocr_carea' id='block_1_3' title="bbox 270 1080 1477 1189">
    <p class='ocr_par' dir='ltr' id='par_1_3' title="bbox 270 1080 1477 1189">
     <span class='ocr_line' id='line_1_5' title="bbox 270 1080 1477 1189; baseline -0.005 -22"><span class='ocrx_word' id='word_1_22' title='bbox 270 1084 474 1181; x_wconf 85' lang='lat' dir='ltr'>Pontifex,</span> <span class='ocrx_word' id='word_1_23' title='bbox 512 1086 714 1165; x_wconf 85' lang='lat' dir='ltr'>literarum</span> <span class='ocrx_word' id='word_1_24' title='bbox 753 1082 877 1163; x_wconf 89' lang='lat' dir='ltr'>decus</span> <span class='ocrx_word' id='word_1_25' title='bbox 913 1092 956 1161; x_wconf 91' lang='lat' dir='ltr'>et</span> <span class='ocrx_word' id='word_1_26' title='bbox 991 1080 1192 1176; x_wconf 87' lang='lat' dir='ltr'>columen,</span> <span class='ocrx_word' id='word_1_27' title='bbox 1238 1104 1401 1189; x_wconf 82' lang='lat' dir='ltr'>magno</span> <span class='ocrx_word' id='word_1_28' title='bbox 1475 1176 1477 1180; x_wconf 81' lang='lat'>.</span> 
     </span>
    </p>
   </div>
   <div class='ocr_carea' id='block_1_4' title="bbox 269 1220 1491 3893">
    <p class='ocr_par' dir='ltr' id='par_1_4' title="bbox 269 1220 1491 3893">
     <span class='ocr_line' id='line_1_6' title="bbox 269 1220 1402 1337; baseline -0.005 -28"><span class='ocrx_word' id='word_1_29' title='bbox 269 1228 584 1337; x_wconf 83' lang='lat' dir='ltr'>quingentorum</span> <span class='ocrx_word' id='word_1_30' title='bbox 605 1250 816 1307; x_wconf 89' lang='lat' dir='ltr'>aureorum</span> <span class='ocrx_word' id='word_1_31' title='bbox 836 1244 1090 1303; x_wconf 89' lang='lat' dir='ltr'>nummorum</span> <span class='ocrx_word' id='word_1_32' title='bbox 1118 1222 1250 1330; x_wconf 89' lang='lat' dir='ltr'>pretio</span> <span class='ocrx_word' id='word_1_33' title='bbox 1277 1220 1402 1303; x_wconf 82' lang='lat' dir='ltr'>rede·</span> 
     </span>
     <span class='ocr_line' id='line_1_7' title="bbox 269 1365 1398 1479; baseline -0.007 -28"><span class='ocrx_word' id='word_1_34' title='bbox 269 1370 421 1465; x_wconf 75' lang='lat' dir='ltr'>unisset,</span> <span class='ocrx_word' id='word_1_35' title='bbox 440 1368 735 1479; x_wconf 81' lang='lat' dir='ltr'>diligenterque</span> <span class='ocrx_word' id='word_1_36' title='bbox 753 1365 979 1461; x_wconf 80' lang='lat' dir='ltr'>evolvisset,</span> <span class='ocrx_word' id='word_1_37' title='bbox 1009 1390 1148 1447; x_wconf 90' lang='lat' dir='ltr'>eorum</span> <span class='ocrx_word' id='word_1_38' title='bbox 1173 1365 1398 1445; x_wconf 87' lang='lat' dir='ltr'>lectionem</span> 
     </span>
     <span class='ocr_line' id='line_1_8' title="bbox 269 1498 1398 1615; baseline -0.006 -22"><span class='ocrx_word' id='word_1_39' title='bbox 269 1518 296 1557; x_wconf 88' lang='lat'><strong>“</strong></span> <span class='ocrx_word' id='word_1_40' title='bbox 315 1510 578 1607; x_wconf 86' lang='lat' dir='ltr'>luculentam,</span> <span class='ocrx_word' id='word_1_41' title='bbox 610 1510 775 1603; x_wconf 89' lang='lat' dir='ltr'>variam,</span> <span class='ocrx_word' id='word_1_42' title='bbox 810 1498 963 1601; x_wconf 80' lang='lat' dir='ltr'>utilem,</span> <span class='ocrx_word' id='word_1_43' title='bbox 995 1505 1244 1615; x_wconf 86' lang='lat' dir='ltr'>dignamque</span> <span class='ocrx_word' id='word_1_44' title='bbox 1277 1508 1398 1589; x_wconf 91' lang='lat' dir='ltr'>omni</span> 
     </span>
     <span class='ocr_line' id='line_1_9' title="bbox 270 1649 1400 1761; baseline -0.004 -28"><span class='ocrx_word' id='word_1_45' title='bbox 270 1651 425 1735; x_wconf 86' lang='lat' dir='ltr'>liberali</span> <span class='ocrx_word' id='word_1_46' title='bbox 467 1650 687 1761; x_wconf 85' lang='lat' dir='ltr'>ingenio&#39;&#39;¹</span> <span class='ocrx_word' id='word_1_47' title='bbox 734 1650 1037 1759; x_wconf 88' lang='lat' dir='ltr'>pronuntiavit;</span> <span class='ocrx_word' id='word_1_48' title='bbox 1083 1649 1294 1757; x_wconf 85' lang='lat' dir='ltr'>voluitque</span> <span class='ocrx_word' id='word_1_49' title='bbox 1341 1661 1400 1731; x_wconf 89' lang='lat' dir='ltr'>ut</span> 
     </span>
     <span class='ocr_line' id='line_1_10' title="bbox 271 1790 1397 1902; baseline -0.002 -27"><span class='ocrx_word' id='word_1_50' title='bbox 271 1804 426 1902; x_wconf 87' lang='lat' dir='ltr'>quanto</span> <span class='ocrx_word' id='word_1_51' title='bbox 458 1792 578 1875; x_wconf 83' lang='lat' dir='ltr'>citibs</span> <span class='ocrx_word' id='word_1_52' title='bbox 609 1792 693 1874; x_wconf 91' lang='lat' dir='ltr'>fieri</span> <span class='ocrx_word' id='word_1_53' title='bbox 726 1800 860 1901; x_wconf 88' lang='lat' dir='ltr'>po&#39;sset</span> <span class='ocrx_word' id='word_1_54' title='bbox 886 1790 913 1874; x_wconf 78' lang='lat' dir='ltr'>b</span> <span class='ocrx_word' id='word_1_55' title='bbox 940 1793 1018 1873; x_wconf 86' lang='lat' dir='ltr'>situ</span> <span class='ocrx_word' id='word_1_56' title='bbox 1049 1802 1091 1874; x_wconf 91' lang='lat' dir='ltr'>et</span> <span class='ocrx_word' id='word_1_57' title='bbox 1116 1792 1320 1875; x_wconf 81' lang='lat' dir='ltr'>oblivione</span> <span class='ocrx_word' id='word_1_58' title='bbox 1345 1794 1397 1874; x_wconf 91' lang='lat' dir='ltr'>in</span> 
     </span>
     <span class='ocr_line' id='line_1_11' title="bbox 270 1932 1402 2019; baseline -0.003 0"><span class='ocrx_word' id='word_1_59' title='bbox 270 1936 403 2019; x_wconf 89' lang='lat' dir='ltr'>lucem</span> <span class='ocrx_word' id='word_1_60' title='bbox 422 1948 465 2019; x_wconf 91' lang='lat' dir='ltr'>et</span> <span class='ocrx_word' id='word_1_61' title='bbox 488 1936 723 2017; x_wconf 89' lang='lat' dir='ltr'>memoriam</span> <span class='ocrx_word' id='word_1_62' title='bbox 743 1934 952 2015; x_wconf 90' lang='lat' dir='ltr'>hominum</span> <span class='ocrx_word' id='word_1_63' title='bbox 972 1934 1282 2018; x_wconf 85' lang='lat' dir='ltr'>vindicarentur.</span> <span class='ocrx_word' id='word_1_64' title='bbox 1335 1932 1402 2017; x_wconf 89' lang='lat' dir='ltr'>Id·</span> 
     </span>
     <span class='ocr_line' id='line_1_12' title="bbox 270 2075 1396 2188; baseline -0.002 -27"><span class='ocrx_word' id='word_1_65' title='bbox 270 2104 380 2161; x_wconf 86' lang='lat' dir='ltr'>curae</span> <span class='ocrx_word' id='word_1_66' title='bbox 416 2076 709 2161; x_wconf 90' lang='lat' dir='ltr'>demandatum</span> <span class='ocrx_word' id='word_1_67' title='bbox 749 2076 942 2185; x_wconf 87' lang='lat' dir='ltr'>Philippo</span> <span class='ocrx_word' id='word_1_68' title='bbox 974 2075 1188 2173; x_wconf 88' lang='lat' dir='ltr'>Beroaldo,</span> <span class='ocrx_word' id='word_1_69' title='bbox 1225 2078 1396 2188; x_wconf 90' lang='lat' dir='ltr'>juniori,</span> 
     </span>
     <span class='ocr_line' id='line_1_13' title="bbox 271 2218 1397 2330; baseline 0.001 -27"><span class='ocrx_word' id='word_1_70' title='bbox 271 2218 507 2305; x_wconf 74' lang='lat' dir='ltr'>Academia</span> <span class='ocrx_word' id='word_1_71' title='bbox 546 2220 744 2302; x_wconf 85' lang='lat' dir='ltr'>Romanae</span> <span class='ocrx_word' id='word_1_72' title='bbox 781 2221 1022 2329; x_wconf 85' lang='lat' dir='ltr'>praeposito:</span> <span class='ocrx_word' id='word_1_73' title='bbox 1074 2222 1109 2303; x_wconf 83' lang='lat' dir='ltr'>is</span> <span class='ocrx_word' id='word_1_74' title='bbox 1145 2221 1397 2330; x_wconf 87' lang='lat' dir='ltr'>imperatum</span> 
     </span>
     <span class='ocr_line' id='line_1_14' title="bbox 271 2360 1395 2473; baseline 0.003 -28"><span class='ocrx_word' id='word_1_75' title='bbox 271 2388 375 2472; x_wconf 86' lang='lat' dir='ltr'>opus</span> <span class='ocrx_word' id='word_1_76' title='bbox 405 2390 482 2473; x_wconf 93' lang='lat' dir='ltr'>pro</span> <span class='ocrx_word' id='word_1_77' title='bbox 512 2360 717 2445; x_wconf 88' lang='lat' dir='ltr'>Pontificis</span> <span class='ocrx_word' id='word_1_78' title='bbox 749 2362 991 2445; x_wconf 85' lang='lat' dir='ltr'>auctoritate</span> <span class='ocrx_word' id='word_1_79' title='bbox 1018 2364 1174 2473; x_wconf 75' lang='lat' dir='ltr'>suaque</span> <span class='ocrx_word' id='word_1_80' title='bbox 1204 2364 1395 2448; x_wconf 71' lang='lat' dir='ltr'>doctrina</span> 
     </span>
     <span class='ocr_line' id='line_1_15' title="bbox 270 2504 1395 2616; baseline 0.003 -28"><span class='ocrx_word' id='word_1_81' title='bbox 270 2504 381 2589; x_wconf 91' lang='lat' dir='ltr'>haud</span> <span class='ocrx_word' id='word_1_82' title='bbox 400 2505 655 2616; x_wconf 84' lang='lat' dir='ltr'>indiligenter</span> <span class='ocrx_word' id='word_1_83' title='bbox 674 2506 891 2615; x_wconf 78' lang='lat' dir='ltr'>praestitit3</span> <span class='ocrx_word' id='word_1_84' title='bbox 918 2507 1185 2615; x_wconf 84' lang='lat' dir='ltr'>inventosque</span> <span class='ocrx_word' id='word_1_85' title='bbox 1198 2509 1320 2589; x_wconf 85' lang='lat' dir='ltr'>libros</span> <span class='ocrx_word' id='word_1_86' title='bbox 1338 2534 1395 2591; x_wconf 83' lang='lat' dir='ltr'>ex</span> 
     </span>
     <span class='ocr_line' id='line_1_16' title="bbox 271 2648 1395 2760; baseline 0.001 -29"><span class='ocrx_word' id='word_1_87' title='bbox 271 2674 395 2735; x_wconf 90' lang='lat' dir='ltr'>manu</span> <span class='ocrx_word' id='word_1_88' title='bbox 439 2649 591 2757; x_wconf 87' lang='lat' dir='ltr'>scripto</span> <span class='ocrx_word' id='word_1_89' title='bbox 637 2648 792 2746; x_wconf 87' lang='lat' dir='ltr'>codice,</span> <span class='ocrx_word' id='word_1_90' title='bbox 837 2651 908 2760; x_wconf 94' lang='lat' dir='ltr'>qui</span> <span class='ocrx_word' id='word_1_91' title='bbox 954 2649 1096 2759; x_wconf 75' lang='lat' dir='ltr'>posteat</span> <span class='ocrx_word' id='word_1_92' title='bbox 1147 2650 1395 2733; x_wconf 87' lang='lat' dir='ltr'>Florentinae</span> 
     </span>
     <span class='ocr_line' id='line_1_17' title="bbox 271 2780 1393 2890; baseline 0.002 -17"><span class='ocrx_word' id='word_1_93' title='bbox 271 2786 554 2873; x_wconf 90' lang='lat' dir='ltr'>Mediceorum</span> <span class='ocrx_word' id='word_1_94' title='bbox 585 2790 842 2873; x_wconf 83' lang='lat' dir='ltr'>bibliothecae</span> <span class='ocrx_word' id='word_1_95' title='bbox 874 2792 952 2873; x_wconf 85' lang='lat' dir='ltr'>fuit</span> <span class='ocrx_word' id='word_1_96' title='bbox 981 2780 1129 2890; x_wconf 85' lang='lat' dir='ltr'>illatus,</span> <span class='ocrx_word' id='word_1_97' title='bbox 1156 2802 1310 2875; x_wconf 79' lang='lat' dir='ltr'>ceteros</span> <span class='ocrx_word' id='word_1_98' title='bbox 1338 2820 1393 2875; x_wconf 85' lang='lat' dir='ltr'>ex</span> 
     </span>
     <span class='ocr_line' id='line_1_18' title="bbox 270 2928 1396 3027; baseline 0.004 -12"><span class='ocrx_word' id='word_1_99' title='bbox 270 2928 485 3015; x_wconf 88' lang='lat' dir='ltr'>Puteolani</span> <span class='ocrx_word' id='word_1_100' title='bbox 515 2934 745 3020; x_wconf 89' lang='lat' dir='ltr'>recensione</span> <span class='ocrx_word' id='word_1_101' title='bbox 779 2934 910 3017; x_wconf 92' lang='lat' dir='ltr'>edidit</span> <span class='ocrx_word' id='word_1_102' title='bbox 940 2932 1212 3027; x_wconf 77' lang='lat' dir='ltr'>RomaeKal.</span> <span class='ocrx_word' id='word_1_103' title='bbox 1245 2934 1396 3019; x_wconf 89' lang='lat' dir='ltr'>Martii·</span> 
     </span>
     <span class='ocr_line' id='line_1_19' title="bbox 269 3074 1392 3189; baseline 0.008 -35"><span class='ocrx_word' id='word_1_104' title='bbox 269 3098 379 3154; x_wconf 90' lang='lat' dir='ltr'>anno</span> <span class='ocrx_word' id='word_1_105' title='bbox 413 3075 546 3158; x_wconf 63' lang='lat'>1515?</span> <span class='ocrx_word' id='word_1_106' title='bbox 600 3074 651 3155; x_wconf 91' lang='lat' dir='ltr'>In</span> <span class='ocrx_word' id='word_1_107' title='bbox 680 3075 770 3158; x_wconf 90' lang='lat' dir='ltr'>libri</span> <span class='ocrx_word' id='word_1_108' title='bbox 802 3077 894 3175; x_wconf 88' lang='lat' dir='ltr'>fine,</span> <span class='ocrx_word' id='word_1_109' title='bbox 926 3077 1030 3160; x_wconf 88' lang='lat' dir='ltr'>infra</span> <span class='ocrx_word' id='word_1_110' title='bbox 1059 3078 1257 3189; x_wconf 88' lang='lat' dir='ltr'>gentilitia</span> <span class='ocrx_word' id='word_1_111' title='bbox 1285 3078 1392 3163; x_wconf 87' lang='lat' dir='ltr'>Leo-</span> 
     </span>
     <span class='ocr_line' id='line_1_20' title="bbox 269 3212 1491 3330; baseline 0.011 -35"><span class='ocrx_word' id='word_1_112' title='bbox 269 3214 349 3295; x_wconf 82' lang='lat' dir='ltr'>nis·</span> <span class='ocrx_word' id='word_1_113' title='bbox 369 3212 424 3300; x_wconf 85' lang='lat' dir='ltr'>X.</span> <span class='ocrx_word' id='word_1_114' title='bbox 462 3216 646 3325; x_wconf 84' lang='lat' dir='ltr'>insignia,</span> <span class='ocrx_word' id='word_1_115' title='bbox 679 3218 899 3330; x_wconf 89' lang='lat' dir='ltr'>adjectum,</span> <span class='ocrx_word' id='word_1_116' title='bbox 932 3220 1042 3329; x_wconf 93' lang='lat' dir='ltr'>quod</span> <span class='ocrx_word' id='word_1_117' title='bbox 1071 3222 1252 3305; x_wconf 81' lang='lat' dir='ltr'>maximo</span> <span class='ocrx_word' id='word_1_118' title='bbox 1276 3222 1392 3307; x_wconf 88' lang='lat' dir='ltr'>Prin·</span> <span class='ocrx_word' id='word_1_119' title='bbox 1482 3232 1491 3249; x_wconf 85' lang='lat'>&#39;</span> 
     </span>
     <span class='ocr_line' id='line_1_21' title="bbox 270 3355 1391 3473; baseline 0.01 -34"><span class='ocrx_word' id='word_1_120' title='bbox 270 3355 363 3466; x_wconf 92' lang='lat' dir='ltr'>cipe</span> <span class='ocrx_word' id='word_1_121' title='bbox 381 3376 424 3441; x_wconf 91' lang='lat' dir='ltr'>et</span> <span class='ocrx_word' id='word_1_122' title='bbox 451 3358 651 3441; x_wconf 87' lang='lat' dir='ltr'>literarum</span> <span class='ocrx_word' id='word_1_123' title='bbox 677 3373 906 3470; x_wconf 89' lang='lat' dir='ltr'>reparatore</span> <span class='ocrx_word' id='word_1_124' title='bbox 935 3363 1131 3473; x_wconf 86' lang='lat' dir='ltr'>dignum:</span> <span class='ocrx_word' id='word_1_125' title='bbox 1161 3372 1187 3411; x_wconf 89' lang='lat'>“</span> <span class='ocrx_word' id='word_1_126' title='bbox 1210 3363 1391 3450; x_wconf 90' lang='lat' dir='ltr'>Nomine</span> 
     </span>
     <span class='ocr_line' id='line_1_22' title="bbox 272 3482 1391 3619; baseline 0.01 -38"><span class='ocrx_word' id='word_1_127' title='bbox 272 3492 422 3585; x_wconf 80' lang='lat' dir='ltr'>Leonis</span> <span class='ocrx_word' id='word_1_128' title='bbox 456 3496 512 3581; x_wconf 90' lang='lat' dir='ltr'>X.</span> <span class='ocrx_word' id='word_1_129' title='bbox 547 3498 669 3585; x_wconf 90' lang='lat' dir='ltr'>Pont.</span> <span class='ocrx_word' id='word_1_130' title='bbox 693 3482 819 3587; x_wconf 83' lang='lat' dir='ltr'>Max.</span> <span class='ocrx_word' id='word_1_131' title='bbox 864 3507 1074 3616; x_wconf 86' lang='lat' dir='ltr'>proposita</span> <span class='ocrx_word' id='word_1_132' title='bbox 1096 3517 1193 3589; x_wconf 86' lang='lat' dir='ltr'>sunt</span> <span class='ocrx_word' id='word_1_133' title='bbox 1221 3510 1391 3619; x_wconf 87' lang='lat' dir='ltr'>praemia</span> 
     </span>
     <span class='ocr_line' id='line_1_23' title="bbox 269 3640 1390 3757; baseline 0.013 -35"><span class='ocrx_word' id='word_1_134' title='bbox 269 3666 354 3723; x_wconf 91' lang='lat' dir='ltr'>non</span> <span class='ocrx_word' id='word_1_135' title='bbox 389 3640 610 3727; x_wconf 87' lang='lat' dir='ltr'>mediocria</span> <span class='ocrx_word' id='word_1_136' title='bbox 645 3646 705 3729; x_wconf 89' lang='lat' dir='ltr'>his</span> <span class='ocrx_word' id='word_1_137' title='bbox 738 3651 813 3757; x_wconf 89' lang='lat' dir='ltr'>qui</span> <span class='ocrx_word' id='word_1_138' title='bbox 844 3649 898 3732; x_wconf 90' lang='lat' dir='ltr'>ad</span> <span class='ocrx_word' id='word_1_139' title='bbox 936 3644 1030 3733; x_wconf 87' lang='lat' dir='ltr'>eum</span> <span class='ocrx_word' id='word_1_140' title='bbox 1064 3651 1187 3733; x_wconf 84' lang='lat' dir='ltr'>libros</span> <span class='ocrx_word' id='word_1_141' title='bbox 1223 3662 1390 3751; x_wconf 87' lang='lat' dir='ltr'>veteres,</span> 
     </span>
     <span class='ocr_line' id='line_1_24' title="bbox 269 3783 1030 3893; baseline 0.011 -28"><span class='ocrx_word' id='word_1_142' title='bbox 269 3806 406 3893; x_wconf 90' lang='lat' dir='ltr'>neque</span> <span class='ocrx_word' id='word_1_143' title='bbox 422 3783 617 3869; x_wconf 88' lang='lat' dir='ltr'>hacteuus</span> <span class='ocrx_word' id='word_1_144' title='bbox 635 3788 765 3873; x_wconf 88' lang='lat' dir='ltr'>editos</span> <span class='ocrx_word' id='word_1_145' title='bbox 785 3791 1030 3875; x_wconf 86' lang='lat' dir='ltr'>attulerint.’&#39;</span> 
     </span>
    </p>
   </div>
   <div class='ocr_carea' id='block_1_5' title="bbox 270 4081 1434 4336">
    <p class='ocr_par' dir='ltr' id='par_1_5' title="bbox 270 4081 1434 4336">
     <span class='ocr_line' id='line_1_25' title="bbox 314 4081 1392 4183; baseline 0.013 -33.441"><span class='ocrx_word' id='word_1_146' title='bbox 314 4084 398 4151; x_wconf 76' lang='lat' dir='ltr'>&#39;Ex</span> <span class='ocrx_word' id='word_1_147' title='bbox 419 4084 511 4183; x_wconf 72' lang='lat' dir='ltr'>literis</span> <span class='ocrx_word' id='word_1_148' title='bbox 534 4082 646 4150; x_wconf 66' lang='lat' dir='ltr'>laonia</span> <span class='ocrx_word' id='word_1_149' title='bbox 663 4081 758 4168; x_wconf 83' lang='lat' dir='ltr'>Papae</span> <span class='ocrx_word' id='word_1_150' title='bbox 774 4104 810 4147; x_wconf 96' lang='grc' dir='ltr'>ιι</span> <span class='ocrx_word' id='word_1_151' title='bbox 855 4088 1016 4159; x_wconf 85' lang='lat' dir='ltr'>editionem</span> <span class='ocrx_word' id='word_1_152' title='bbox 1032 4088 1200 4157; x_wconf 81' lang='lat' dir='ltr'>Romanam</span> <span class='ocrx_word' id='word_1_153' title='bbox 1213 4093 1282 4160; x_wconf 84' lang='lat' dir='ltr'>anni</span> <span class='ocrx_word' id='word_1_154' title='bbox 1299 4103 1392 4163; x_wconf 77' lang='lat'>1514.</span> 
     </span>
     <span class='ocr_line' id='line_1_26' title="bbox 270 4168 1392 4325; baseline 0.011 -89"><span class='ocrx_word' id='word_1_155' title='bbox 270 4192 338 4322; x_wconf 52' lang='lat' dir='ltr'>bu?</span> <span class='ocrx_word' id='word_1_156' title='bbox 354 4184 528 4323; x_wconf 54' lang='lat' dir='ltr'>,iffi</span> <span class='ocrx_word' id='word_1_157' title='bbox 489 4170 520 4235; x_wconf 88' lang='lat' dir='ltr'>iu</span> <span class='ocrx_word' id='word_1_158' title='bbox 555 4168 648 4235; x_wconf 83' lang='lat' dir='ltr'>calce</span> <span class='ocrx_word' id='word_1_159' title='bbox 669 4168 810 4237; x_wconf 74' lang='lat' dir='ltr'>editiom</span> <span class='ocrx_word' id='word_1_160' title='bbox 857 4190 1013 4325; x_wconf 45' lang='lat' dir='ltr'>creparet.</span> <span class='ocrx_word' id='word_1_161' title='bbox 1036 4174 1242 4263; x_wconf 79' lang='lat' dir='ltr'>Pririlegium,</span> <span class='ocrx_word' id='word_1_162' title='bbox 1254 4180 1392 4249; x_wconf 72' lang='lat' dir='ltr'>alaone</span> 
     </span>
     <span class='ocr_line' id='line_1_27' title="bbox 320 4262 1434 4336; baseline 0.014 -15"><span class='ocrx_word' id='word_1_163' title='bbox 320 4278 353 4321; x_wconf 89' lang='grc' dir='ltr'>ιο</span> <span class='ocrx_word' id='word_1_164' title='bbox 858 4280 881 4324; x_wconf 87' lang='lat' dir='ltr'>x</span> <span class='ocrx_word' id='word_1_165' title='bbox 946 4274 1109 4327; x_wconf 77' lang='grc' dir='ltr'>ιιιιιιοοοο</span> <span class='ocrx_word' id='word_1_166' title='bbox 1125 4272 1216 4330; x_wconf 85' lang='grc'>1514</span> <span class='ocrx_word' id='word_1_167' title='bbox 1228 4262 1392 4336; x_wconf 76' lang='grc' dir='ltr'>ἰιιΤιοὶιὶ</span> <span class='ocrx_word' id='word_1_168' title='bbox 1429 4315 1434 4323; x_wconf 89' lang='lat'><strong>·</strong></span> 
     </span>
    </p>
   </div>
   <div class='ocr_carea' id='block_1_6' title="bbox 270 4310 1388 4517">
    <p class='ocr_par' dir='ltr' id='par_1_6' title="bbox 270 4310 1388 4517">
     <span class='ocr_line' id='line_1_28' title="bbox 314 4310 1388 4480; baseline 0.011 -73.526"><span class='ocrx_word' id='word_1_169' title='bbox 314 4340 413 4407; x_wconf 77' lang='lat' dir='ltr'>²‚Cl</span> <span class='ocrx_word' id='word_1_170' title='bbox 450 4310 666 4419; x_wconf 48' lang='lat' dir='ltr'>natumst</span> <span class='ocrx_word' id='word_1_171' title='bbox 667 4334 809 4405; x_wconf 61' lang='lat' dir='ltr'>‘Ml</span> <span class='ocrx_word' id='word_1_172' title='bbox 855 4345 1017 4480; x_wconf 81' lang='lat' dir='ltr'>editionem</span> <span class='ocrx_word' id='word_1_173' title='bbox 1027 4349 1293 4475; x_wconf 19' lang='lat' dir='ltr'>tramformaritgr</span> <span class='ocrx_word' id='word_1_174' title='bbox 1385 4379 1388 4383; x_wconf 49' lang='lat'><em>⁴</em></span> 
     </span>
     <span class='ocr_line' id='line_1_29' title="bbox 270 4425 1036 4517; baseline -0.009 -20"><span class='ocrx_word' id='word_1_175' title='bbox 270 4425 809 4517; x_wconf 70' lang='lat' dir='ltr'>Typogs’v01.vpma.p.rra</span> <span class='ocrx_word' id='word_1_176' title='bbox 1032 4474 1036 4480; x_wconf 72' lang='lat'><strong>.</strong></span> 
     </span>
    </p>
   </div>
   <div class='ocr_carea' id='block_1_7' title="bbox 0 0 1604 5509">
    <p class='ocr_par' dir='ltr' id='par_1_7' title="bbox 0 0 1604 5509">
     <span class='ocr_line' id='line_1_30' title="bbox 0 0 1604 5509; baseline 0 0"><span class='ocrx_word' id='word_1_177' title='bbox 0 0 1604 5509; x_wconf 95' lang='lat' dir='ltr'> </span> 
     </span>
    </p>
   </div>
  </div>
 </body>
</html>
