3200 5509
313 528 374 585 ³54
466 560 469 566 =
667 529 703 586 C.
722 525 919 586 CORNELII
939 520 1074 586 TACl'l'l
1219 528 1256 586 Α.
1271 525 1310 588 U.
1323 529 1359 586 C·
1372 533 1436 598 789.

310 679 365 753 vie
380 678 520 767 obsimus,
544 696 579 752 et
602 679 759 754 alimenta
781 704 864 754 arcu
888 679 1092 776 expediens:
1106 683 1115 714 ¹
1139 701 1181 754 ac
1204 679 1333 778 primo,
1358 699 1439 758 tam·

310 819 416 892 quam
427 795 527 868 dolus
542 810 730 889 pararetur,
752 794 911 884 territum
937 793 996 870 ubi
1010 795 1189 876 datafidee
1214 802 1239 838 “
1255 797 1441 870 reddenda

310 907 573 990 “dominationi
597 909 766 998 venisse,’'
789 909 967 982 adlevatur
989 907 1154 998 animum
1178 925 1212 982 et
1238 915 1263 954 “
1287 932 1369 1006 quae
1390 933 1442 982 re·

311 1029 338 1064 “
353 1021 491 1117 pentina
505 1021 672 1096 mutatio”
689 1023 851 1118 exquirit.
870 1097 874 1102 ,
899 1025 993 1094 Tum
1008 1023 1116 1094 Hiero
1140 1029 1166 1065 “
1183 1021 1362 1118 pueritiam
1383 1023 1442 1094 ‘li-

311 1142 337 1180 “
352 1133 492 1208 ridatis”
518 1133 690 1230 increpat,
727 1143 752 1178 ‘⁶
768 1159 881 1232 neque
906 1159 1009 1230 penes
1033 1133 1225 1208 Arsaciden·
1245 1134 1443 1232 imperium,

310 1255 338 1291 “
352 1249 413 1320 sed
428 1246 526 1326 mane
541 1271 668 1321 nomen
682 1249 774 1344 apud
789 1249 962 1324 imbellem
977 1247 1120 1324 externi
1135 1247 1290 1337 mollitia,
1314 1249 1386 1322 vim
1405 1248 1442 1322 in

311 1368 339 1404 “
354 1359 544 1459 Abdagesis
558 1360 702 1434 domo.’'

359 1603 419 1666 44.
445 1594 707 1666 succurreres
727 1593 904 1692 regnandi,
928 1590 1030 1668 falsos
1052 1593 1089 1668 in
1109 1599 1251 1682 amore‚²
1277 1590 1356 1666 odia
1370 1611 1440 1666 nort

247 1771 252 1781 Ι
273 1747 275 1749 .
310 1709 462 1806 fingere:
487 1729 552 1779 uec
568 1707 658 1788 ultra
672 1725 836 1798 moratus,
851 1709 958 1806 quim
973 1710 1058 1784 dum
1072 1709 1298 1808 Scytharum3
1315 1708 1441 1782 auxilia

309 1821 473 1907 coornet,
496 1819 607 1918 pergit
621 1845 799 1918 properus,
822 1839 858 1897 et
879 1822 1088 1918 praeveniens
1103 1821 1319 1896 inimicorum
1334 1839 1438 1908 astus,

309 1933 500 2006 amicorum
513 1932 766 2029 poenitentiam:
790 1959 904 2032 neque
925 1953 1066 2012 exuerat
1082 1936 1284 2032 podorem*
1308 1950 1349 2006 ut
1367 1934 1441 2006 vul-

309 2071 396 2146 gum
416 2046 628 2120 mmmmm
642 2048 853 2122 adverterett
878 2073 949 2122 non
973 2046 1079 2136 fraus,
1105 2072 1178 2126 nou
1199 2073 1332 2145 preces,
1355 2046 1439 2118 nihil

309 2160 488 2249 omissum,
527 2183 599 2256 quo
637 2158 815 2259 ambiguos
854 2161 1018 2250 inliceret,
1046 2161 1171 2256 promti
1210 2163 1446 2242 firmarem,

309 2276 453 2371 Jamque
469 2273 578 2346 multi
593 2298 697 2346 manu
712 2275 903 2372 propinqua
919 2274 1082 2348 Seleuciae
1106 2275 1328 2364 adventabat;
1354 2274 1447 2354 crim,

310 2387 490 2476 Tiridates,
514 2387 615 2460 simul
637 2387 729 2461 fami
747 2406 849 2486 atque
874 2389 947 2486 ipso
972 2390 1148 2462 Artabano
1170 2389 1360 2484 perculsus,
1377 2387 1440 2459 dis-

309 2501 397 2578 trahi
412 2500 570 2589 consiliis,
593 2501 658 2574 iret
678 2518 809 2590 contra,
825 2525 868 2574 an
893 2502 1022 2574 bellum
1043 2501 1255 2576 cunctatione
1270 2517 1437 2574 tractaret.

310 2614 448 2709 Quibus
463 2615 619 2709 praelium
635 2633 670 2686 et
690 2613 834 2688 festinati
860 2639 955 2690 casus
979 2615 1168 2712 placebant,
1192 2622 1217 2657 “
1234 2613 1391 2711 disjectos
1405 2630 1444 2696 et¹

310 2736 336 2772 “
354 2725 596 2824 longinquitate
611 2725 739 2800 itineris
749 2726 868 2816 fessos,
884 2753 929 2802 ne
943 2729 1058 2802 animo
1074 2728 1212 2824 quidem
1227 2726 1307 2802 satis
1320 2729 1364 2800 ad
1379 2729 1439 2798 ob·

310 2850 336 2884 “
352 2840 508 2936 sequium
524 2839 711 2912 coaluisse''
729 2840 910 2928 disserunt,
935 2841 1162 2937 “proditores
1186 2865 1296 2936 nuper
1311 2841 1437 2914 hostes·

310 2962 336 2998 “
354 2979 423 3051 que
448 2955 536 3050 ejus,
565 2977 670 3048 quem
692 2977 829 3026 rursum
850 2951 1023 3028 foveant.’'
1074 2955 1208 3030 verum
1240 2955 1439 3052 Abdageses

310 3075 337 3111 ‘⁶
353 3066 616 3164 regrediendum
630 3067 668 3136 in
678 3068 985 3164 Mesopotamiam”
996 3071 1165 3156 censebat,
1182 3076 1207 3112 “
1221 3085 1257 3140 ut
1267 3091 1368 3140 amne
1379 3070 1438 3140 ob-

311 3189 336 3225 “
349 3184 455 3279 jecto,
470 3180 642 3254 Armeniis
659 3179 808 3270 interim,
830 3182 1083 3280 Elymaeisque,⁵
1106 3199 1140 3254 et
1156 3181 1275 3256 ceteris
1294 3180 1315 3254 it
1340 3199 1444 3280 tergo.

309 3303 336 3338 “
352 3295 484 3382 excitis,
507 3293 597 3367 aucti
611 3295 716 3391 copiis
737 3295 927 3384 socialibus,
950 3313 984 3369 et
1006 3321 1092 3394 quas
1101 3298 1175 3369 dux
1188 3296 1366 3368 Romanus
1378 3294 1436 3366 mi·

309 3408 459 3496 “·sisset‚
492 3399 665 3480 fortunam
696 3411 900 3514 tentarent.”
949 3409 1000 3482 Ea
1031 3409 1193 3482 sententia
1219 3407 1336 3497 valuit,
1359 3406 1436 3504 quia

308 3521 456 3617 plurima
477 3521 656 3611 auctoritas
679 3546 783 3618 penes
809 3523 1027 3622 Abdagesen,
1052 3539 1086 3596 et
1105 3517 1271 3596 Tiridates
1295 3522 1434 3619 ignavus

309 3635 354 3708 ad
369 3633 519 3734 pericula
534 3653 626 3710 eratt
652 3635 712 3708 sed
728 3633 822 3734 fugae
839 3637 949 3733 specie
972 3637 1178 3728 discessum3
1204 3661 1256 3726 ac,
1273 3634 1434 3734 principio

263 3898 267 3904 ’
349 3904 359 3932 ¹
380 3905 460 3964 Arcu
477 3905 626 3982 expediens.
649 3908 729 3970 Arcu
748 3927 783 3966 ac
804 3929 848 3966 re·
937 3905 1064 3984 ⁴Neqrre
1077 3913 1190 3965 eruerat
1201 3905 1345 3981 pedorem.
1368 3901 1433 3959 Pru·

280 3988 284 3995 '
309 3994 388 4042 natu.
436 3985 482 4041 Do
506 3985 646 4066 Hyrcanis
670 4006 758 4066 supra
782 4007 847 4068 cap.
899 3987 995 4046 denter
1014 3987 1129 4064 quidem
1151 3983 1304 4062 squallidus
1320 3981 1434 4040 laceras·

308 4060 357 4120 ³6.
899 4087 955 4144 que
967 4077 1054 4124 vestes
1069 4085 1123 4124 non
1136 4074 1254 4121 exuerat
1265 4063 1432 4118 Artabanus.

347 4137 362 4165 ²
375 4143 471 4202 froas
485 4145 512 4202 in
526 4163 625 4202 amore.
648 4145 740 4204 Antea
753 4148 847 4222 prodi·
901 4147 965 4204 Hoc
978 4147 1051 4204 enim
1065 4143 1203 4220 Principis
1214 4141 1327 4220 paedore
1345 4159 1434 4198 move·

198 4283 201 4288 ,
309 4233 381 4279 tores
393 4234 421 4280 et
433 4223 533 4294 hostes,
546 4243 623 4287 nuuc
641 4244 762 4282 amorem
775 4227 845 4284 fulsi>
899 4238 946 4284 tur
959 4225 1035 4302 vulgi
1049 4224 1199 4284 miseratio.

308 4302 519 4376 profitebantur.
552 4307 592 4360 At
606 4305 634 4360 in
647 4323 741 4361 amore
755 4305 846 4375 falsos,
952 4301 963 4338 ⁵
988 4303 1177 4380 Elymaeisque.
1210 4298 1329 4378 Elymaei
1361 4294 1433 4355 sinis

306 4379 846 4461 odiendi-ersis'l'iridutcmnonfingere
901 4383 1004 4443 Persici
1029 4382 1135 4440 uccolae
1161 4380 1338 4458 Elymaiden,
1360 4396 1432 4436 nunc

306 4460 384 4528 ricto
396 4461 480 4520 sensit
493 4462 667 4521 Artabanus.
899 4465 945 4522 tle
971 4463 1109 4521 Soutlern
1130 4469 1199 4540 port
1224 4460 1261 4538 ο]
1280 4457 1433 4528 Clusirtur,

346 4533 359 4568 ³
380 4537 455 4600 Dum
477 4539 653 4619 Scyllarum.
673 4543 762 4620 Apud
774 4561 845 4618 quot
898 4543 1073 4603 habitabant.

306 4617 380 4704 olim·
388 4617 512 4689 adultus,
528 4637 614 4698 supra
627 4621 730 4680 Annul.
745 4641 781 4682 u.
794 4629 823 4682 3.
