<?xml version="1.0" encoding="UTF-8"?>
<!DOCTYPE html PUBLIC "-//W3C//DTD XHTML 1.0 Transitional//EN"
    "http://www.w3.org/TR/xhtml1/DTD/xhtml1-transitional.dtd">
<html xmlns="http://www.w3.org/1999/xhtml" xml:lang="en" lang="en">
 <head>
  <title>
</title>
<meta http-equiv="Content-Type" content="text/html;charset=utf-8" />
  <meta name='ocr-system' content='tesseract 3.04.00' />
  <meta name='ocr-capabilities' content='ocr_page ocr_carea ocr_par ocr_line ocrx_word'/>
</head>
<body>
  <div class='ocr_page' id='page_1' title='image "./opera00valpgoog_0279.png"; bbox 0 0 3200 5509; ppageno 0'>
   <div class='ocr_carea' id='block_1_1' title="bbox 335 570 1455 644">
    <p class='ocr_par' dir='ltr' id='par_1_1' title="bbox 335 570 1455 644">
     <span class='ocr_line' id='line_1_1' title="bbox 335 570 1455 644; baseline -0.004 -7"><span class='ocrx_word' id='word_1_1' title='bbox 335 584 392 644; x_wconf 78' lang='lat'>212</span> <span class='ocrx_word' id='word_1_2' title='bbox 692 577 728 635; x_wconf 82' lang='lat' dir='ltr'>C.</span> <span class='ocrx_word' id='word_1_3' title='bbox 741 575 936 635; x_wconf 75' lang='lat' dir='ltr'><strong>CORNELII</strong></span> <span class='ocrx_word' id='word_1_4' title='bbox 955 570 1091 635; x_wconf 72' lang='lat' dir='ltr'>Tacit}</span> <span class='ocrx_word' id='word_1_5' title='bbox 1236 576 1272 632; x_wconf 76' lang='lat' dir='ltr'>A.</span> <span class='ocrx_word' id='word_1_6' title='bbox 1286 574 1325 632; x_wconf 88' lang='lat' dir='ltr'>U.</span> <span class='ocrx_word' id='word_1_7' title='bbox 1338 576 1372 633; x_wconf 82' lang='lat' dir='ltr'>C.</span> <span class='ocrx_word' id='word_1_8' title='bbox 1385 580 1455 641; x_wconf 76' lang='grc'><strong>775.</strong></span> 
     </span>
    </p>
   </div>
   <div class='ocr_carea' id='block_1_2' title="bbox 328 724 1457 1397">
    <p class='ocr_par' dir='ltr' id='par_1_2' title="bbox 328 724 1457 1397">
     <span class='ocr_line' id='line_1_2' title="bbox 334 724 1457 825; baseline -0.001 -22"><span class='ocrx_word' id='word_1_9' title='bbox 334 739 360 784; x_wconf 75' lang='grc'><strong>“</strong></span> <span class='ocrx_word' id='word_1_10' title='bbox 377 728 552 803; x_wconf 86' lang='lat' dir='ltr'>ederent.”</span> <span class='ocrx_word' id='word_1_11' title='bbox 579 728 765 803; x_wconf 78' lang='lat' dir='ltr'>censuerat</span> <span class='ocrx_word' id='word_1_12' title='bbox 781 730 823 803; x_wconf 80' lang='lat' dir='ltr'>L.</span> <span class='ocrx_word' id='word_1_13' title='bbox 832 725 1021 823; x_wconf 86' lang='lat' dir='ltr'>Apronius,</span> <span class='ocrx_word' id='word_1_14' title='bbox 1045 734 1072 770; x_wconf 75' lang='lat'>‘⁴</span> <span class='ocrx_word' id='word_1_15' title='bbox 1087 743 1126 801; x_wconf 91' lang='lat' dir='ltr'>ut</span> <span class='ocrx_word' id='word_1_16' title='bbox 1140 724 1296 799; x_wconf 83' lang='lat' dir='ltr'>feciales¹</span> <span class='ocrx_word' id='word_1_17' title='bbox 1319 744 1457 825; x_wconf 86' lang='lat' dir='ltr'>quoque</span> 
     </span>
     <span class='ocr_line' id='line_1_3' title="bbox 332 838 1454 938; baseline 0 -23"><span class='ocrx_word' id='word_1_18' title='bbox 332 852 359 890; x_wconf 76' lang='lat'>‘⁶</span> <span class='ocrx_word' id='word_1_19' title='bbox 375 844 414 917; x_wconf 84' lang='lat' dir='ltr'>iis</span> <span class='ocrx_word' id='word_1_20' title='bbox 427 843 514 917; x_wconf 88' lang='lat' dir='ltr'>ludis</span> <span class='ocrx_word' id='word_1_21' title='bbox 529 841 747 938; x_wconf 80' lang='lat' dir='ltr'>praesiderent</span> <span class='ocrx_word' id='word_1_22' title='bbox 758 842 796 912; x_wconf 83' lang='lat'>:’&#39;</span> <span class='ocrx_word' id='word_1_23' title='bbox 821 839 1024 914; x_wconf 79' lang='lat' dir='ltr'>contradixit</span> <span class='ocrx_word' id='word_1_24' title='bbox 1037 842 1167 929; x_wconf 77' lang='lat' dir='ltr'>Caesar,</span> <span class='ocrx_word' id='word_1_25' title='bbox 1178 838 1338 913; x_wconf 82' lang='lat' dir='ltr'>distincto</span> <span class='ocrx_word' id='word_1_26' title='bbox 1349 865 1454 915; x_wconf 82' lang='lat' dir='ltr'>sacer·</span> 
     </span>
     <span class='ocr_line' id='line_1_4' title="bbox 331 954 1454 1053; baseline -0.004 -24"><span class='ocrx_word' id='word_1_27' title='bbox 331 958 503 1029; x_wconf 88' lang='lat' dir='ltr'>dotiorum</span> <span class='ocrx_word' id='word_1_28' title='bbox 521 959 612 1053; x_wconf 90' lang='lat' dir='ltr'>jure,</span> <span class='ocrx_word' id='word_1_29' title='bbox 640 972 673 1029; x_wconf 85' lang='lat' dir='ltr'>et</span> <span class='ocrx_word' id='word_1_30' title='bbox 699 954 845 1051; x_wconf 88' lang='lat' dir='ltr'>repetitis</span> <span class='ocrx_word' id='word_1_31' title='bbox 869 955 1056 1050; x_wconf 78' lang='lat' dir='ltr'>exemplist</span> <span class='ocrx_word' id='word_1_32' title='bbox 1082 961 1108 997; x_wconf 90' lang='lat'>“</span> <span class='ocrx_word' id='word_1_33' title='bbox 1123 978 1236 1051; x_wconf 84' lang='lat' dir='ltr'>noque</span> <span class='ocrx_word' id='word_1_34' title='bbox 1262 954 1358 1026; x_wconf 87' lang='lat' dir='ltr'>enim</span> <span class='ocrx_word' id='word_1_35' title='bbox 1381 978 1454 1025; x_wconf 85' lang='lat' dir='ltr'>um-</span> 
     </span>
     <span class='ocr_line' id='line_1_5' title="bbox 331 1066 1455 1167; baseline -0.004 -24"><span class='ocrx_word' id='word_1_36' title='bbox 331 1079 357 1115; x_wconf 92' lang='lat'><strong>“</strong></span> <span class='ocrx_word' id='word_1_37' title='bbox 374 1096 477 1167; x_wconf 86' lang='lat' dir='ltr'>quam</span> <span class='ocrx_word' id='word_1_38' title='bbox 505 1068 677 1143; x_wconf 84' lang='lat' dir='ltr'>fecialibus</span> <span class='ocrx_word' id='word_1_39' title='bbox 701 1070 766 1143; x_wconf 90' lang='lat' dir='ltr'>hoc</span> <span class='ocrx_word' id='word_1_40' title='bbox 789 1069 965 1167; x_wconf 80' lang='lat' dir='ltr'>majestatis</span> <span class='ocrx_word' id='word_1_41' title='bbox 989 1066 1102 1141; x_wconf 73' lang='lat' dir='ltr'>fuisse.</span> <span class='ocrx_word' id='word_1_42' title='bbox 1151 1067 1234 1139; x_wconf 88' lang='lat' dir='ltr'>Ideo</span> <span class='ocrx_word' id='word_1_43' title='bbox 1248 1066 1455 1165; x_wconf 77' lang='lat' dir='ltr'>Augustales</span> 
     </span>
     <span class='ocr_line' id='line_1_6' title="bbox 330 1180 1454 1282; baseline -0.002 -25"><span class='ocrx_word' id='word_1_44' title='bbox 330 1190 356 1241; x_wconf 65' lang='lat' dir='ltr'>i‘</span> <span class='ocrx_word' id='word_1_45' title='bbox 372 1185 545 1282; x_wconf 75' lang='lat' dir='ltr'>adjectos:</span> <span class='ocrx_word' id='word_1_46' title='bbox 570 1184 648 1280; x_wconf 77' lang='lat' dir='ltr'>qula</span> <span class='ocrx_word' id='word_1_47' title='bbox 672 1184 849 1281; x_wconf 89' lang='lat' dir='ltr'>proprium</span> <span class='ocrx_word' id='word_1_48' title='bbox 872 1185 945 1281; x_wconf 84' lang='lat' dir='ltr'>ejus</span> <span class='ocrx_word' id='word_1_49' title='bbox 965 1183 1091 1257; x_wconf 81' lang='lat' dir='ltr'>domus</span> <span class='ocrx_word' id='word_1_50' title='bbox 1114 1180 1341 1257; x_wconf 77' lang='lat' dir='ltr'><strong>sacerdotium</strong></span> <span class='ocrx_word' id='word_1_51' title='bbox 1355 1198 1454 1269; x_wconf 82' lang='lat' dir='ltr'>esset,</span> 
     </span>
     <span class='ocr_line' id='line_1_7' title="bbox 328 1296 937 1397; baseline 0.002 -28"><span class='ocrx_word' id='word_1_52' title='bbox 328 1303 354 1369; x_wconf 89' lang='lat'>.“</span> <span class='ocrx_word' id='word_1_53' title='bbox 370 1319 433 1392; x_wconf 88' lang='lat' dir='ltr'>pro</span> <span class='ocrx_word' id='word_1_54' title='bbox 449 1296 519 1397; x_wconf 72' lang='lat' dir='ltr'>qut</span> <span class='ocrx_word' id='word_1_55' title='bbox 534 1314 613 1371; x_wconf 88' lang='lat' dir='ltr'>vota</span> <span class='ocrx_word' id='word_1_56' title='bbox 627 1298 937 1394; x_wconf 54' lang='lat' dir='ltr'>persolverentur?</span> 
     </span>
    </p>
   </div>
   <div class='ocr_carea' id='block_1_3' title="bbox 376 1522 1565 1620">
    <p class='ocr_par' dir='ltr' id='par_1_3' title="bbox 376 1522 1565 1620">
     <span class='ocr_line' id='line_1_8' title="bbox 376 1522 1565 1620; baseline -0.002 -25"><span class='ocrx_word' id='word_1_57' title='bbox 376 1533 434 1596; x_wconf 83' lang='lat'>65.</span> <span class='ocrx_word' id='word_1_58' title='bbox 459 1525 631 1611; x_wconf 80' lang='lat' dir='ltr'>Exsaour</span> <span class='ocrx_word' id='word_1_59' title='bbox 654 1524 832 1597; x_wconf 83' lang='lat' dir='ltr'>sententias</span> <span class='ocrx_word' id='word_1_60' title='bbox 852 1526 944 1597; x_wconf 85' lang='lat' dir='ltr'>haud</span> <span class='ocrx_word' id='word_1_61' title='bbox 964 1524 1102 1613; x_wconf 88' lang='lat' dir='ltr'>institui,</span> <span class='ocrx_word' id='word_1_62' title='bbox 1126 1522 1188 1597; x_wconf 87' lang='lat' dir='ltr'>nisi</span> <span class='ocrx_word' id='word_1_63' title='bbox 1215 1522 1364 1620; x_wconf 84' lang='lat' dir='ltr'>insignes</span> <span class='ocrx_word' id='word_1_64' title='bbox 1386 1545 1449 1617; x_wconf 77' lang='lat' dir='ltr'>per</span> <span class='ocrx_word' id='word_1_65' title='bbox 1564 1565 1565 1570; x_wconf 61' lang='lat'><em>=</em></span> 
     </span>
    </p>
   </div>
   <div class='ocr_carea' id='block_1_4' title="bbox 224 1636 1450 2643">
    <p class='ocr_par' dir='ltr' id='par_1_4' title="bbox 224 1636 1450 2643">
     <span class='ocr_line' id='line_1_9' title="bbox 324 1636 1450 1735; baseline -0.005 -24"><span class='ocrx_word' id='word_1_66' title='bbox 324 1638 518 1725; x_wconf 80' lang='lat' dir='ltr'>honesttam,</span> <span class='ocrx_word' id='word_1_67' title='bbox 542 1655 600 1709; x_wconf 90' lang='lat' dir='ltr'>aut</span> <span class='ocrx_word' id='word_1_68' title='bbox 627 1637 764 1711; x_wconf 84' lang='lat' dir='ltr'>notabili</span> <span class='ocrx_word' id='word_1_69' title='bbox 780 1640 963 1713; x_wconf 86' lang='lat' dir='ltr'>dedecore:</span> <span class='ocrx_word' id='word_1_70' title='bbox 989 1639 1083 1735; x_wconf 90' lang='lat' dir='ltr'>quod</span> <span class='ocrx_word' id='word_1_71' title='bbox 1099 1636 1311 1733; x_wconf 83' lang='lat' dir='ltr'>praecipuum</span> <span class='ocrx_word' id='word_1_72' title='bbox 1326 1660 1450 1707; x_wconf 72' lang='lat' dir='ltr'>mimus</span> 
     </span>
     <span class='ocr_line' id='line_1_10' title="bbox 322 1747 1449 1852; baseline -0.009 -23"><span class='ocrx_word' id='word_1_73' title='bbox 322 1751 495 1829; x_wconf 60' lang='lat' dir='ltr'>amulium</span> <span class='ocrx_word' id='word_1_74' title='bbox 511 1774 602 1838; x_wconf 88' lang='lat' dir='ltr'>reor,</span> <span class='ocrx_word' id='word_1_75' title='bbox 625 1776 669 1823; x_wconf 90' lang='lat' dir='ltr'>ne</span> <span class='ocrx_word' id='word_1_76' title='bbox 684 1750 824 1827; x_wconf 80' lang='lat' dir='ltr'>virtutes</span> <span class='ocrx_word' id='word_1_77' title='bbox 838 1752 1009 1840; x_wconf 77' lang='lat' dir='ltr'>sileantur,</span> <span class='ocrx_word' id='word_1_78' title='bbox 1034 1768 1143 1852; x_wconf 79' lang='lat' dir='ltr'>utque</span> <span class='ocrx_word' id='word_1_79' title='bbox 1149 1750 1260 1847; x_wconf 85' lang='lat' dir='ltr'>pravis</span> <span class='ocrx_word' id='word_1_80' title='bbox 1271 1748 1369 1823; x_wconf 85' lang='lat' dir='ltr'>dictis</span> <span class='ocrx_word' id='word_1_81' title='bbox 1382 1747 1449 1819; x_wconf 73' lang='lat' dir='ltr'>fac·</span> 
     </span>
     <span class='ocr_line' id='line_1_11' title="bbox 224 1862 1449 1961; baseline -0.003 -24"><span class='ocrx_word' id='word_1_82' title='bbox 224 1896 228 1905; x_wconf 56' lang='lat'><em>⁴</em></span> <span class='ocrx_word' id='word_1_83' title='bbox 324 1862 433 1960; x_wconf 85' lang='lat' dir='ltr'>tisque</span> <span class='ocrx_word' id='word_1_84' title='bbox 444 1891 489 1939; x_wconf 87' lang='lat' dir='ltr'>ex</span> <span class='ocrx_word' id='word_1_85' title='bbox 501 1865 691 1961; x_wconf 78' lang='lat' dir='ltr'>posteritate</span> <span class='ocrx_word' id='word_1_86' title='bbox 703 1884 736 1939; x_wconf 89' lang='lat' dir='ltr'>et</span> <span class='ocrx_word' id='word_1_87' title='bbox 744 1866 884 1941; x_wconf 76' lang='lat' dir='ltr'>irtfamii</span> <span class='ocrx_word' id='word_1_88' title='bbox 893 1884 1003 1939; x_wconf 88' lang='lat' dir='ltr'>metus</span> <span class='ocrx_word' id='word_1_89' title='bbox 1014 1865 1066 1941; x_wconf 86' lang='lat' dir='ltr'>sit.</span> <span class='ocrx_word' id='word_1_90' title='bbox 1116 1865 1285 1938; x_wconf 69' lang='lat' dir='ltr'>ceter-om</span> <span class='ocrx_word' id='word_1_91' title='bbox 1297 1879 1449 1957; x_wconf 81' lang='lat' dir='ltr'>tempora</span> 
     </span>
     <span class='ocr_line' id='line_1_12' title="bbox 322 1974 1447 2067; baseline -0.003 -19"><span class='ocrx_word' id='word_1_92' title='bbox 322 1976 380 2049; x_wconf 86' lang='lat' dir='ltr'>illa</span> <span class='ocrx_word' id='word_1_93' title='bbox 396 1979 482 2051; x_wconf 79' lang='lat' dir='ltr'>adeo</span> <span class='ocrx_word' id='word_1_94' title='bbox 498 1977 633 2067; x_wconf 86' lang='lat' dir='ltr'>infecta,</span> <span class='ocrx_word' id='word_1_95' title='bbox 657 1997 691 2052; x_wconf 88' lang='lat' dir='ltr'>et</span> <span class='ocrx_word' id='word_1_96' title='bbox 713 1981 903 2059; x_wconf 83' lang='lat' dir='ltr'>adulatione</span> <span class='ocrx_word' id='word_1_97' title='bbox 918 1978 1053 2052; x_wconf 81' lang='lat' dir='ltr'>sordida</span> <span class='ocrx_word' id='word_1_98' title='bbox 1068 1976 1178 2067; x_wconf 88' lang='lat' dir='ltr'>fuere,</span> <span class='ocrx_word' id='word_1_99' title='bbox 1202 1993 1239 2048; x_wconf 91' lang='lat' dir='ltr'>ut</span> <span class='ocrx_word' id='word_1_100' title='bbox 1255 1999 1327 2049; x_wconf 88' lang='lat' dir='ltr'>non</span> <span class='ocrx_word' id='word_1_101' title='bbox 1342 1974 1447 2047; x_wconf 77' lang='lat' dir='ltr'>modo</span> 
     </span>
     <span class='ocr_line' id='line_1_13' title="bbox 321 2086 1447 2190; baseline 0 -29"><span class='ocrx_word' id='word_1_102' title='bbox 321 2089 487 2185; x_wconf 82' lang='lat' dir='ltr'>primores</span> <span class='ocrx_word' id='word_1_103' title='bbox 502 2090 652 2181; x_wconf 86' lang='lat' dir='ltr'>civitatis,</span> <span class='ocrx_word' id='word_1_104' title='bbox 677 2094 800 2190; x_wconf 86' lang='lat' dir='ltr'>quibus</span> <span class='ocrx_word' id='word_1_105' title='bbox 809 2094 974 2179; x_wconf 82' lang='lat' dir='ltr'>claritudo</span> <span class='ocrx_word' id='word_1_106' title='bbox 985 2118 1046 2167; x_wconf 86' lang='lat' dir='ltr'>sua</span> <span class='ocrx_word' id='word_1_107' title='bbox 1060 2090 1229 2187; x_wconf 85' lang='lat' dir='ltr'>obsequiis</span> <span class='ocrx_word' id='word_1_108' title='bbox 1239 2086 1447 2186; x_wconf 83' lang='lat' dir='ltr'>protegenda</span> 
     </span>
     <span class='ocr_line' id='line_1_14' title="bbox 319 2202 1445 2307; baseline -0.001 -32"><span class='ocrx_word' id='word_1_109' title='bbox 319 2219 414 2294; x_wconf 70' lang='lat' dir='ltr'>erat,</span> <span class='ocrx_word' id='word_1_110' title='bbox 439 2206 500 2277; x_wconf 86' lang='lat' dir='ltr'>sed</span> <span class='ocrx_word' id='word_1_111' title='bbox 523 2230 642 2279; x_wconf 85' lang='lat' dir='ltr'>omnes</span> <span class='ocrx_word' id='word_1_112' title='bbox 659 2206 864 2297; x_wconf 83' lang='lat' dir='ltr'>consulares,</span> <span class='ocrx_word' id='word_1_113' title='bbox 887 2230 1012 2307; x_wconf 82' lang='lat' dir='ltr'>magna</span> <span class='ocrx_word' id='word_1_114' title='bbox 1024 2230 1103 2303; x_wconf 83' lang='lat' dir='ltr'>pars</span> <span class='ocrx_word' id='word_1_115' title='bbox 1118 2228 1252 2291; x_wconf 87' lang='lat' dir='ltr'>eorum,</span> <span class='ocrx_word' id='word_1_116' title='bbox 1275 2202 1336 2301; x_wconf 85' lang='lat' dir='ltr'>qui</span> <span class='ocrx_word' id='word_1_117' title='bbox 1361 2226 1445 2297; x_wconf 81' lang='lat' dir='ltr'>prae·</span> 
     </span>
     <span class='ocr_line' id='line_1_15' title="bbox 319 2314 1446 2416; baseline 0.002 -29"><span class='ocrx_word' id='word_1_118' title='bbox 319 2315 397 2389; x_wconf 73' lang='lat' dir='ltr'>turi</span> <span class='ocrx_word' id='word_1_119' title='bbox 425 2314 544 2409; x_wconf 87' lang='lat' dir='ltr'>functi,</span> <span class='ocrx_word' id='word_1_120' title='bbox 569 2319 734 2416; x_wconf 89' lang='lat' dir='ltr'>multique</span> <span class='ocrx_word' id='word_1_121' title='bbox 751 2321 851 2395; x_wconf 84' lang='lat' dir='ltr'>etiam</span> <span class='ocrx_word' id='word_1_122' title='bbox 865 2320 994 2415; x_wconf 79' lang='lat' dir='ltr'>pedarii</span> <span class='ocrx_word' id='word_1_123' title='bbox 1008 2322 1195 2393; x_wconf 81' lang='lat' dir='ltr'>senatores³</span> <span class='ocrx_word' id='word_1_124' title='bbox 1220 2316 1373 2390; x_wconf 81' lang='lat' dir='ltr'>certatim</span> <span class='ocrx_word' id='word_1_125' title='bbox 1387 2340 1446 2389; x_wconf 82' lang='lat' dir='ltr'>ex·</span> 
     </span>
     <span class='ocr_line' id='line_1_16' title="bbox 316 2426 1447 2529; baseline -0.002 -26"><span class='ocrx_word' id='word_1_126' title='bbox 316 2448 509 2529; x_wconf 84' lang='lat' dir='ltr'>surgerent,</span> <span class='ocrx_word' id='word_1_127' title='bbox 531 2430 734 2529; x_wconf 77' lang='lat' dir='ltr'>foedaqueet</span> <span class='ocrx_word' id='word_1_128' title='bbox 746 2433 1042 2507; x_wconf 73' lang='lat' dir='ltr'>rdiniacenserent.</span> <span class='ocrx_word' id='word_1_129' title='bbox 1069 2426 1447 2527; x_wconf 62' lang='lat' dir='ltr'>,Memoriaeprodinm</span> 
     </span>
     <span class='ocr_line' id='line_1_17' title="bbox 317 2540 1445 2643; baseline -0.008 -22"><span class='ocrx_word' id='word_1_130' title='bbox 317 2543 508 2630; x_wconf 83' lang='lat' dir='ltr'>Tiberium,</span> <span class='ocrx_word' id='word_1_131' title='bbox 541 2544 696 2638; x_wconf 83' lang='lat' dir='ltr'>quotiens</span> <span class='ocrx_word' id='word_1_132' title='bbox 723 2546 818 2618; x_wconf 69' lang='lat' dir='ltr'>cmii</span> <span class='ocrx_word' id='word_1_133' title='bbox 845 2547 1075 2643; x_wconf 84' lang='lat' dir='ltr'>egrederetur,</span> <span class='ocrx_word' id='word_1_134' title='bbox 1113 2544 1248 2619; x_wconf 72' lang='lat' dir='ltr'>Grecis</span> <span class='ocrx_word' id='word_1_135' title='bbox 1272 2543 1384 2615; x_wconf 83' lang='lat' dir='ltr'>verbis</span> <span class='ocrx_word' id='word_1_136' title='bbox 1408 2540 1445 2613; x_wconf 87' lang='lat' dir='ltr'>in</span> 
     </span>
    </p>
   </div>
   <div class='ocr_carea' id='block_1_5' title="bbox 187 2650 1443 2752">
    <p class='ocr_par' dir='ltr' id='par_1_5' title="bbox 187 2650 1443 2752">
     <span class='ocr_line' id='line_1_18' title="bbox 187 2650 1443 2752; baseline -0.002 -25"><span class='ocrx_word' id='word_1_137' title='bbox 187 2722 190 2727; x_wconf 84' lang='lat'><em>.</em></span> <span class='ocrx_word' id='word_1_138' title='bbox 317 2655 409 2729; x_wconf 90' lang='lat' dir='ltr'>hunc</span> <span class='ocrx_word' id='word_1_139' title='bbox 427 2654 569 2726; x_wconf 89' lang='lat' dir='ltr'>modum</span> <span class='ocrx_word' id='word_1_140' title='bbox 581 2656 695 2752; x_wconf 85' lang='lat' dir='ltr'>eloqui</span> <span class='ocrx_word' id='word_1_141' title='bbox 706 2650 856 2745; x_wconf 88' lang='lat' dir='ltr'>solitum,</span> <span class='ocrx_word' id='word_1_142' title='bbox 881 2655 1066 2731; x_wconf 61' lang='lat' dir='ltr'>dhonenes</span> <span class='ocrx_word' id='word_1_143' title='bbox 1079 2655 1443 2751; x_wconf 77' lang='lat' dir='ltr'>adseavitutempare-</span> 
     </span>
    </p>
   </div>
   <div class='ocr_carea' id='block_1_6' title="bbox 312 2766 1441 2978">
    <p class='ocr_par' dir='ltr' id='par_1_6' title="bbox 312 2766 1441 2978">
     <span class='ocr_line' id='line_1_19' title="bbox 316 2766 1441 2866; baseline 0.001 -26"><span class='ocrx_word' id='word_1_144' title='bbox 316 2770 388 2840; x_wconf 82' lang='lat' dir='ltr'>tos!</span> <span class='ocrx_word' id='word_1_145' title='bbox 411 2766 768 2857; x_wconf 81' lang='lat' dir='ltr'>seilicetetiarnillum,</span> <span class='ocrx_word' id='word_1_146' title='bbox 793 2770 852 2865; x_wconf 90' lang='lat' dir='ltr'>qui</span> <span class='ocrx_word' id='word_1_147' title='bbox 862 2770 1048 2843; x_wconf 85' lang='lat' dir='ltr'>libertatem</span> <span class='ocrx_word' id='word_1_148' title='bbox 1057 2769 1227 2866; x_wconf 88' lang='lat' dir='ltr'>publicam</span> <span class='ocrx_word' id='word_1_149' title='bbox 1238 2768 1358 2856; x_wconf 87' lang='lat' dir='ltr'>nollet,</span> <span class='ocrx_word' id='word_1_150' title='bbox 1372 2784 1441 2841; x_wconf 87' lang='lat' dir='ltr'>tam</span> 
     </span>
     <span class='ocr_line' id='line_1_20' title="bbox 312 2878 1044 2978; baseline 0.008 -27"><span class='ocrx_word' id='word_1_151' title='bbox 312 2880 473 2978; x_wconf 82' lang='lat' dir='ltr'>projectae</span> <span class='ocrx_word' id='word_1_152' title='bbox 485 2878 700 2953; x_wconf 85' lang='lat' dir='ltr'>servientium</span> <span class='ocrx_word' id='word_1_153' title='bbox 709 2880 878 2978; x_wconf 77' lang='lat' dir='ltr'>patientie</span> <span class='ocrx_word' id='word_1_154' title='bbox 890 2884 1044 2959; x_wconf 69' lang='lat' dir='ltr'>tedebat</span> 
     </span>
    </p>
   </div>
   <div class='ocr_carea' id='block_1_7' title="bbox 312 3068 1437 3324">
    <p class='ocr_par' dir='ltr' id='par_1_7' title="bbox 312 3068 1437 3324">
     <span class='ocr_line' id='line_1_21' title="bbox 326 3068 1437 3207; baseline -0.004 -21"><span class='ocrx_word' id='word_1_155' title='bbox 326 3110 332 3186; x_wconf 80' lang='lat'><strong><em>1</em></strong></span> <span class='ocrx_word' id='word_1_156' title='bbox 362 3112 421 3179; x_wconf 89' lang='grc'>66.</span> <span class='ocrx_word' id='word_1_157' title='bbox 446 3068 659 3183; x_wconf 62' lang='lat' dir='ltr'>riurano</span> <span class='ocrx_word' id='word_1_158' title='bbox 677 3110 812 3201; x_wconf 89' lang='lat' dir='ltr'>dehinc,</span> <span class='ocrx_word' id='word_1_159' title='bbox 836 3112 1057 3187; x_wconf 84' lang='lat' dir='ltr'>abindecon‘s</span> <span class='ocrx_word' id='word_1_160' title='bbox 1073 3111 1117 3185; x_wconf 88' lang='lat' dir='ltr'>ad</span> <span class='ocrx_word' id='word_1_161' title='bbox 1137 3108 1258 3182; x_wconf 84' lang='lat' dir='ltr'>infesta</span> <span class='ocrx_word' id='word_1_162' title='bbox 1273 3126 1437 3207; x_wconf 76' lang='lat' dir='ltr'>transgre-</span> 
     </span>
     <span class='ocr_line' id='line_1_22' title="bbox 312 3216 1437 3324; baseline 0.004 -31"><span class='ocrx_word' id='word_1_163' title='bbox 312 3216 499 3294; x_wconf 84' lang='lat' dir='ltr'>diebantur.</span> <span class='ocrx_word' id='word_1_164' title='bbox 551 3224 594 3296; x_wconf 88' lang='lat' dir='ltr'>C.</span> <span class='ocrx_word' id='word_1_165' title='bbox 611 3222 763 3299; x_wconf 85' lang='lat' dir='ltr'>Silanum</span> <span class='ocrx_word' id='word_1_166' title='bbox 791 3230 1030 3324; x_wconf 73' lang='lat' dir='ltr'>proconsulem</span> <span class='ocrx_word' id='word_1_167' title='bbox 1045 3226 1151 3315; x_wconf 77' lang='lat' dir='ltr'>Asiae,</span> <span class='ocrx_word' id='word_1_168' title='bbox 1172 3223 1437 3321; x_wconf 82' lang='lat' dir='ltr'>repetundarum</span> 
     </span>
    </p>
   </div>
   <div class='ocr_carea' id='block_1_8' title="bbox 295 3448 1434 4623">
    <p class='ocr_par' dir='ltr' id='par_1_8' title="bbox 295 3448 1434 4623">
     <span class='ocr_line' id='line_1_23' title="bbox 309 3448 1433 3535; baseline 0.002 -28"><span class='ocrx_word' id='word_1_169' title='bbox 309 3448 418 3507; x_wconf 84' lang='lat' dir='ltr'>sodales</span> <span class='ocrx_word' id='word_1_170' title='bbox 432 3450 601 3525; x_wconf 77' lang='lat' dir='ltr'>Augustales</span> <span class='ocrx_word' id='word_1_171' title='bbox 615 3453 736 3514; x_wconf 84' lang='lat' dir='ltr'>odorent.</span> <span class='ocrx_word' id='word_1_172' title='bbox 781 3456 849 3533; x_wconf 88' lang='lat' dir='ltr'>Sep-</span> <span class='ocrx_word' id='word_1_173' title='bbox 900 3458 1137 3535; x_wconf 80' lang='lat' dir='ltr'>septemvirorum.</span> <span class='ocrx_word' id='word_1_174' title='bbox 1182 3452 1272 3510; x_wconf 86' lang='lat' dir='ltr'>Ludis</span> <span class='ocrx_word' id='word_1_175' title='bbox 1295 3453 1361 3509; x_wconf 80' lang='lat' dir='ltr'>rerd</span> <span class='ocrx_word' id='word_1_176' title='bbox 1383 3472 1433 3529; x_wconf 89' lang='lat' dir='ltr'>pro</span> 
     </span>
     <span class='ocr_line' id='line_1_24' title="bbox 310 3527 1434 3611; baseline 0.001 -26"><span class='ocrx_word' id='word_1_177' title='bbox 310 3528 421 3585; x_wconf 78' lang='lat' dir='ltr'>temviri</span> <span class='ocrx_word' id='word_1_178' title='bbox 442 3527 513 3587; x_wconf 88' lang='lat' dir='ltr'>dicti</span> <span class='ocrx_word' id='word_1_179' title='bbox 531 3540 597 3587; x_wconf 88' lang='lat' dir='ltr'>sunt</span> <span class='ocrx_word' id='word_1_180' title='bbox 617 3551 732 3609; x_wconf 81' lang='lat' dir='ltr'>quoque</span> <span class='ocrx_word' id='word_1_181' title='bbox 749 3533 848 3610; x_wconf 84' lang='lat' dir='ltr'>epulo·</span> <span class='ocrx_word' id='word_1_182' title='bbox 901 3536 981 3594; x_wconf 83' lang='lat' dir='ltr'>Julia</span> <span class='ocrx_word' id='word_1_183' title='bbox 996 3537 1079 3594; x_wconf 85' lang='lat' dir='ltr'>editis</span> <span class='ocrx_word' id='word_1_184' title='bbox 1098 3532 1203 3611; x_wconf 86' lang='lat' dir='ltr'>adjecti</span> <span class='ocrx_word' id='word_1_185' title='bbox 1217 3534 1434 3606; x_wconf 76' lang='lat' dir='ltr'>suntAugusta·</span> 
     </span>
     <span class='ocr_line' id='line_1_25' title="bbox 309 3606 1433 3693; baseline 0.001 -28"><span class='ocrx_word' id='word_1_186' title='bbox 309 3622 367 3676; x_wconf 83' lang='lat' dir='ltr'>nes,</span> <span class='ocrx_word' id='word_1_187' title='bbox 388 3606 467 3683; x_wconf 88' lang='lat' dir='ltr'>qudd</span> <span class='ocrx_word' id='word_1_188' title='bbox 485 3607 576 3683; x_wconf 80' lang='lat' dir='ltr'>epulis</span> <span class='ocrx_word' id='word_1_189' title='bbox 586 3618 615 3667; x_wconf 89' lang='lat' dir='ltr'>et</span> <span class='ocrx_word' id='word_1_190' title='bbox 625 3611 769 3671; x_wconf 83' lang='lat' dir='ltr'>sacrificiis</span> <span class='ocrx_word' id='word_1_191' title='bbox 778 3632 847 3689; x_wconf 78' lang='lat' dir='ltr'>opu·</span> <span class='ocrx_word' id='word_1_192' title='bbox 902 3615 950 3685; x_wconf 83' lang='lat' dir='ltr'>los,</span> <span class='ocrx_word' id='word_1_193' title='bbox 974 3616 1052 3693; x_wconf 83' lang='lat' dir='ltr'>qudd</span> <span class='ocrx_word' id='word_1_194' title='bbox 1078 3614 1133 3673; x_wconf 83' lang='lat' dir='ltr'>hoc</span> <span class='ocrx_word' id='word_1_195' title='bbox 1157 3609 1347 3669; x_wconf 77' lang='lat' dir='ltr'>sacerdotium</span> <span class='ocrx_word' id='word_1_196' title='bbox 1365 3626 1433 3667; x_wconf 82' lang='lat' dir='ltr'>esset</span> 
     </span>
     <span class='ocr_line' id='line_1_26' title="bbox 308 3684 1433 3771; baseline 0.006 -29"><span class='ocrx_word' id='word_1_197' title='bbox 308 3684 415 3743; x_wconf 82' lang='lat' dir='ltr'>laribus</span> <span class='ocrx_word' id='word_1_198' title='bbox 443 3694 597 3762; x_wconf 70' lang='lat' dir='ltr'>preessent.</span> <span class='ocrx_word' id='word_1_199' title='bbox 640 3688 737 3761; x_wconf 79' lang='lat' dir='ltr'>Simul,</span> <span class='ocrx_word' id='word_1_200' title='bbox 767 3692 847 3749; x_wconf 68' lang='lat' dir='ltr'>Gra·</span> <span class='ocrx_word' id='word_1_201' title='bbox 900 3694 1044 3771; x_wconf 86' lang='lat' dir='ltr'>proprium</span> <span class='ocrx_word' id='word_1_202' title='bbox 1068 3692 1154 3752; x_wconf 80' lang='lat' dir='ltr'>Juliae</span> <span class='ocrx_word' id='word_1_203' title='bbox 1173 3688 1284 3761; x_wconf 75' lang='lat' dir='ltr'>domus,</span> <span class='ocrx_word' id='word_1_204' title='bbox 1305 3708 1357 3765; x_wconf 89' lang='lat' dir='ltr'>pro</span> <span class='ocrx_word' id='word_1_205' title='bbox 1377 3690 1433 3765; x_wconf 73' lang='lat' dir='ltr'>qui</span> 
     </span>
     <span class='ocr_line' id='line_1_27' title="bbox 309 3765 1206 3851; baseline 0.004 -30"><span class='ocrx_word' id='word_1_206' title='bbox 309 3782 409 3823; x_wconf 88' lang='lat' dir='ltr'>corum</span> <span class='ocrx_word' id='word_1_207' title='bbox 421 3765 560 3843; x_wconf 83' lang='lat' dir='ltr'>exemplo,</span> <span class='ocrx_word' id='word_1_208' title='bbox 579 3784 646 3825; x_wconf 89' lang='lat' dir='ltr'>cum</span> <span class='ocrx_word' id='word_1_209' title='bbox 664 3770 759 3827; x_wconf 88' lang='lat' dir='ltr'>dativo</span> <span class='ocrx_word' id='word_1_210' title='bbox 779 3790 846 3829; x_wconf 89' lang='lat' dir='ltr'>con·</span> <span class='ocrx_word' id='word_1_211' title='bbox 900 3785 966 3830; x_wconf 86' lang='lat' dir='ltr'>vota</span> <span class='ocrx_word' id='word_1_212' title='bbox 977 3772 1206 3851; x_wconf 77' lang='lat' dir='ltr'>persolverentur.</span> 
     </span>
     <span class='ocr_line' id='line_1_28' title="bbox 302 3843 1430 3920; baseline 0.004 -20"><span class='ocrx_word' id='word_1_213' title='bbox 302 3843 400 3920; x_wconf 83' lang='lat' dir='ltr'>jungit</span> <span class='ocrx_word' id='word_1_214' title='bbox 420 3844 548 3903; x_wconf 81' lang='lat' dir='ltr'>Tacitus.</span> <span class='ocrx_word' id='word_1_215' title='bbox 587 3846 636 3904; x_wconf 87' lang='lat' dir='ltr'>Sic</span> <span class='ocrx_word' id='word_1_216' title='bbox 655 3848 750 3907; x_wconf 87' lang='lat' dir='ltr'>adhuc</span> <span class='ocrx_word' id='word_1_217' title='bbox 774 3850 846 3909; x_wconf 76' lang='lat' dir='ltr'>iufra</span> <span class='ocrx_word' id='word_1_218' title='bbox 940 3846 1081 3911; x_wconf 75' lang='lat' dir='ltr'>’Pedani</span> <span class='ocrx_word' id='word_1_219' title='bbox 1089 3857 1237 3908; x_wconf 78' lang='lat' dir='ltr'>senatores.</span> <span class='ocrx_word' id='word_1_220' title='bbox 1247 3846 1369 3915; x_wconf 83' lang='lat' dir='ltr'>Gallius,</span> <span class='ocrx_word' id='word_1_221' title='bbox 1381 3859 1430 3904; x_wconf 80' lang='lat' dir='ltr'>nt·</span> 
     </span>
     <span class='ocr_line' id='line_1_29' title="bbox 307 3922 1431 4006; baseline 0.004 -25"><span class='ocrx_word' id='word_1_222' title='bbox 307 3922 413 3981; x_wconf 67' lang='lat' dir='ltr'>Amul.</span> <span class='ocrx_word' id='word_1_223' title='bbox 432 3940 477 3982; x_wconf 79' lang='grc' dir='ltr'>ιν.</span> <span class='ocrx_word' id='word_1_224' title='bbox 498 3928 546 3981; x_wconf 82' lang='grc'>55.</span> <span class='ocrx_word' id='word_1_225' title='bbox 582 3924 658 3983; x_wconf 81' lang='lat' dir='ltr'>Vide</span> <span class='ocrx_word' id='word_1_226' title='bbox 677 3928 715 3984; x_wconf 89' lang='lat' dir='ltr'>G.</span> <span class='ocrx_word' id='word_1_227' title='bbox 738 3928 844 4006; x_wconf 81' lang='lat' dir='ltr'>Caper.</span> <span class='ocrx_word' id='word_1_228' title='bbox 902 3936 947 3989; x_wconf 82' lang='grc'>16.</span> <span class='ocrx_word' id='word_1_229' title='bbox 988 3931 1145 3998; x_wconf 79' lang='lat' dir='ltr'>Senatores,</span> <span class='ocrx_word' id='word_1_230' title='bbox 1170 3928 1216 4003; x_wconf 83' lang='lat' dir='ltr'>qai</span> <span class='ocrx_word' id='word_1_231' title='bbox 1241 3926 1431 4002; x_wconf 67' lang='lat' dir='ltr'>sagiorum</span> 
     </span>
     <span class='ocr_line' id='line_1_30' title="bbox 307 4000 1431 4083; baseline 0.015 -25"><span class='ocrx_word' id='word_1_232' title='bbox 307 4000 379 4061; x_wconf 90' lang='lat' dir='ltr'>Obs.</span> <span class='ocrx_word' id='word_1_233' title='bbox 393 4019 437 4073; x_wconf 80' lang='lat' dir='ltr'>tv,</span> <span class='ocrx_word' id='word_1_234' title='bbox 453 4007 508 4059; x_wconf 76' lang='lat'>142</span> <span class='ocrx_word' id='word_1_235' title='bbox 521 4012 550 4061; x_wconf 84' lang='lat' dir='ltr'>ct</span> <span class='ocrx_word' id='word_1_236' title='bbox 564 4009 628 4062; x_wconf 83' lang='grc'><strong>143.</strong></span> <span class='ocrx_word' id='word_1_237' title='bbox 898 4010 1018 4069; x_wconf 71' lang='lat' dir='ltr'>casalem</span> <span class='ocrx_word' id='word_1_238' title='bbox 1035 4012 1152 4067; x_wconf 81' lang='lat' dir='ltr'>nondam</span> <span class='ocrx_word' id='word_1_239' title='bbox 1164 4013 1311 4083; x_wconf 60' lang='lat' dir='ltr'>ceperunt,</span> <span class='ocrx_word' id='word_1_240' title='bbox 1322 4003 1431 4080; x_wconf 60' lang='grc' dir='ltr'>Μ’ἹΜ</span> 
     </span>
     <span class='ocr_line' id='line_1_31' title="bbox 324 4083 1429 4158; baseline 0.005 -19"><span class='ocrx_word' id='word_1_241' title='bbox 324 4130 328 4139; x_wconf 96' lang='grc'><strong>.</strong></span> <span class='ocrx_word' id='word_1_242' title='bbox 573 4108 576 4116; x_wconf 91' lang='grc'><em>·</em></span> <span class='ocrx_word' id='word_1_243' title='bbox 810 4103 813 4107; x_wconf 88' lang='grc'><strong><em>·</em></strong></span> <span class='ocrx_word' id='word_1_244' title='bbox 898 4090 1009 4148; x_wconf 76' lang='lat' dir='ltr'>itavisse</span> <span class='ocrx_word' id='word_1_245' title='bbox 1028 4090 1057 4147; x_wconf 83' lang='lat' dir='ltr'>ia</span> <span class='ocrx_word' id='word_1_246' title='bbox 1072 4088 1184 4147; x_wconf 78' lang='lat' dir='ltr'>cariora.</span> <span class='ocrx_word' id='word_1_247' title='bbox 1217 4083 1373 4158; x_wconf 71' lang='lat' dir='ltr'>Proptered</span> <span class='ocrx_word' id='word_1_248' title='bbox 1390 4101 1429 4138; x_wconf 70' lang='grc' dir='ltr'>κ·</span> 
     </span>
     <span class='ocr_line' id='line_1_32' title="bbox 348 4157 1429 4241; baseline 0 -24"><span class='ocrx_word' id='word_1_249' title='bbox 348 4157 508 4219; x_wconf 72' lang='lat' dir='ltr'>&#39;Periclen</span> <span class='ocrx_word' id='word_1_250' title='bbox 541 4162 607 4219; x_wconf 87' lang='lat' dir='ltr'>Non</span> <span class='ocrx_word' id='word_1_251' title='bbox 632 4162 773 4235; x_wconf 85' lang='lat' dir='ltr'>ludorum,</span> <span class='ocrx_word' id='word_1_252' title='bbox 792 4166 842 4224; x_wconf 85' lang='lat' dir='ltr'>sed</span> <span class='ocrx_word' id='word_1_253' title='bbox 896 4176 1016 4239; x_wconf 81' lang='lat' dir='ltr'>nataret,</span> <span class='ocrx_word' id='word_1_254' title='bbox 1029 4169 1147 4225; x_wconf 83' lang='lat' dir='ltr'>nondam</span> <span class='ocrx_word' id='word_1_255' title='bbox 1163 4164 1313 4241; x_wconf 73' lang='lat' dir='ltr'>mrp&#39;oribas</span> <span class='ocrx_word' id='word_1_256' title='bbox 1325 4160 1429 4218; x_wconf 56' lang='lat' dir='ltr'>onore</span> 
     </span>
     <span class='ocr_line' id='line_1_33' title="bbox 295 4236 1429 4327; baseline 0 -31"><span class='ocrx_word' id='word_1_257' title='bbox 295 4236 444 4316; x_wconf 81' lang='lat' dir='ltr'>sederam,</span> <span class='ocrx_word' id='word_1_258' title='bbox 498 4240 547 4311; x_wconf 84' lang='lat' dir='ltr'>cis,</span> <span class='ocrx_word' id='word_1_259' title='bbox 570 4242 642 4311; x_wconf 76' lang='lat' dir='ltr'>aelli,</span> <span class='ocrx_word' id='word_1_260' title='bbox 661 4244 842 4316; x_wconf 77' lang='lat' dir='ltr'>induciarum,</span> <span class='ocrx_word' id='word_1_261' title='bbox 897 4248 946 4306; x_wconf 85' lang='lat' dir='ltr'>bas</span> <span class='ocrx_word' id='word_1_262' title='bbox 967 4247 1097 4327; x_wconf 81' lang='lat' dir='ltr'>sanctos,</span> <span class='ocrx_word' id='word_1_263' title='bbox 1118 4244 1248 4321; x_wconf 46' lang='lat' dir='ltr'>adorior</span> <span class='ocrx_word' id='word_1_264' title='bbox 1270 4239 1429 4314; x_wconf 69' lang='lat' dir='ltr'>nomisma</span> 
     </span>
     <span class='ocr_line' id='line_1_34' title="bbox 305 4318 1428 4405; baseline 0.001 -31"><span class='ocrx_word' id='word_1_265' title='bbox 305 4326 430 4377; x_wconf 86' lang='lat' dir='ltr'>oratores</span> <span class='ocrx_word' id='word_1_266' title='bbox 465 4319 561 4377; x_wconf 84' lang='lat' dir='ltr'>eciules</span> <span class='ocrx_word' id='word_1_267' title='bbox 574 4320 739 4398; x_wconf 77' lang='lat' dir='ltr'>judicesque</span> <span class='ocrx_word' id='word_1_268' title='bbox 750 4332 842 4396; x_wconf 83' lang='lat' dir='ltr'>santo,</span> <span class='ocrx_word' id='word_1_269' title='bbox 898 4326 959 4386; x_wconf 79' lang='lat' dir='ltr'>Noc</span> <span class='ocrx_word' id='word_1_270' title='bbox 971 4324 1089 4405; x_wconf 82' lang='lat' dir='ltr'>pedibus</span> <span class='ocrx_word' id='word_1_271' title='bbox 1100 4323 1208 4381; x_wconf 78' lang='lat' dir='ltr'>tanturn</span> <span class='ocrx_word' id='word_1_272' title='bbox 1218 4322 1248 4379; x_wconf 90' lang='lat' dir='ltr'>in</span> <span class='ocrx_word' id='word_1_273' title='bbox 1257 4319 1366 4379; x_wconf 82' lang='lat' dir='ltr'>curiam</span> <span class='ocrx_word' id='word_1_274' title='bbox 1378 4318 1428 4375; x_wconf 83' lang='lat' dir='ltr'>ita·</span> 
     </span>
     <span class='ocr_line' id='line_1_35' title="bbox 304 4396 1425 4475; baseline 0.003 -23"><span class='ocrx_word' id='word_1_275' title='bbox 304 4396 407 4457; x_wconf 83' lang='lat' dir='ltr'>Cicero</span> <span class='ocrx_word' id='word_1_276' title='bbox 418 4396 453 4453; x_wconf 85' lang='lat' dir='ltr'>do</span> <span class='ocrx_word' id='word_1_277' title='bbox 463 4396 580 4473; x_wconf 80' lang='lat' dir='ltr'>legibus,</span> <span class='ocrx_word' id='word_1_278' title='bbox 593 4416 629 4457; x_wconf 85' lang='lat' dir='ltr'>n.</span> <span class='ocrx_word' id='word_1_279' title='bbox 641 4406 671 4468; x_wconf 88' lang='lat'>9.</span> <span class='ocrx_word' id='word_1_280' title='bbox 896 4406 1026 4474; x_wconf 58' lang='lat' dir='ltr'>benesed</span> <span class='ocrx_word' id='word_1_281' title='bbox 1038 4404 1067 4460; x_wconf 89' lang='lat' dir='ltr'>in</span> <span class='ocrx_word' id='word_1_282' title='bbox 1074 4402 1156 4463; x_wconf 65' lang='lat' dir='ltr'>curiit</span> <span class='ocrx_word' id='word_1_283' title='bbox 1163 4400 1425 4475; x_wconf 80' lang='lat' dir='ltr'>magisarmucbaut,</span> 
     </span>
     <span class='ocr_line' id='line_1_36' title="bbox 325 4470 1427 4561; baseline -0.005 -24"><span class='ocrx_word' id='word_1_284' title='bbox 325 4470 357 4537; x_wconf 82' lang='lat'>.²</span> <span class='ocrx_word' id='word_1_285' title='bbox 379 4472 549 4553; x_wconf 67' lang='lat' dir='ltr'>Augustales</span> <span class='ocrx_word' id='word_1_286' title='bbox 573 4478 704 4556; x_wconf 55' lang='lat' dir='ltr'>affectos.</span> <span class='ocrx_word' id='word_1_287' title='bbox 752 4480 839 4557; x_wconf 82' lang='lat' dir='ltr'>Apud</span> <span class='ocrx_word' id='word_1_288' title='bbox 894 4486 980 4561; x_wconf 67' lang='lat' dir='ltr'>quum</span> <span class='ocrx_word' id='word_1_289' title='bbox 1005 4483 1169 4541; x_wconf 84' lang='lat' dir='ltr'>sententiam</span> <span class='ocrx_word' id='word_1_290' title='bbox 1184 4480 1324 4549; x_wconf 83' lang='lat' dir='ltr'>dioebaut,</span> <span class='ocrx_word' id='word_1_291' title='bbox 1340 4476 1427 4553; x_wconf 71' lang='lat' dir='ltr'>juxte</span> 
     </span>
     <span class='ocr_line' id='line_1_37' title="bbox 303 4552 1141 4623; baseline 0.005 -8"><span class='ocrx_word' id='word_1_292' title='bbox 303 4552 444 4615; x_wconf 52' lang='lat' dir='ltr'>&amp;marios</span> <span class='ocrx_word' id='word_1_293' title='bbox 466 4554 598 4615; x_wconf 82' lang='lat' dir='ltr'>ludorum</span> <span class='ocrx_word' id='word_1_294' title='bbox 609 4576 679 4615; x_wconf 84' lang='lat' dir='ltr'>cura</span> <span class='ocrx_word' id='word_1_295' title='bbox 691 4567 751 4617; x_wconf 83' lang='lat' dir='ltr'>erat</span> <span class='ocrx_word' id='word_1_296' title='bbox 763 4578 841 4617; x_wconf 88' lang='lat' dir='ltr'>com·</span> <span class='ocrx_word' id='word_1_297' title='bbox 892 4582 1000 4623; x_wconf 78' lang='lat' dir='ltr'>venum</span> <span class='ocrx_word' id='word_1_298' title='bbox 1013 4562 1141 4622; x_wconf 77' lang='lat' dir='ltr'>laberii:</span> 
     </span>
    </p>
   </div>
   <div class='ocr_carea' id='block_1_9' title="bbox 301 4634 1424 4793">
    <p class='ocr_par' dir='ltr' id='par_1_9' title="bbox 301 4634 1424 4793">
     <span class='ocr_line' id='line_1_38' title="bbox 302 4634 1424 4731; baseline 0.02 -41"><span class='ocrx_word' id='word_1_299' title='bbox 302 4634 649 4727; x_wconf 63' lang='lat' dir='ltr'>miuaquatuorcollegiis</span> <span class='ocrx_word' id='word_1_300' title='bbox 661 4638 837 4727; x_wconf 82' lang='lat' dir='ltr'>pontificum,</span> <span class='ocrx_word' id='word_1_301' title='bbox 954 4657 1424 4731; x_wconf 52' lang='lat' dir='ltr'>fflffimmffdmestestis</span> 
     </span>
     <span class='ocr_line' id='line_1_39' title="bbox 301 4716 1029 4793; baseline 0.016 -25"><span class='ocrx_word' id='word_1_302' title='bbox 301 4732 452 4791; x_wconf 79' lang='lat' dir='ltr'>augurum,</span> <span class='ocrx_word' id='word_1_303' title='bbox 486 4716 772 4793; x_wconf 73' lang='lat' dir='ltr'>quindecimumruaa</span> <span class='ocrx_word' id='word_1_304' title='bbox 809 4730 839 4778; x_wconf 85' lang='lat' dir='ltr'>ot</span> <span class='ocrx_word' id='word_1_305' title='bbox 986 4735 1029 4780; x_wconf 69' lang='lat' dir='ltr'>aa.</span> 
     </span>
    </p>
   </div>
   <div class='ocr_carea' id='block_1_10' title="bbox 0 0 1604 5509">
    <p class='ocr_par' dir='ltr' id='par_1_10' title="bbox 0 0 1604 5509">
     <span class='ocr_line' id='line_1_40' title="bbox 0 0 1604 5509; baseline 0 10"><span class='ocrx_word' id='word_1_306' title='bbox 0 0 1604 5509; x_wconf 95' lang='lat' dir='ltr'> </span> 
     </span>
    </p>
   </div>
  </div>
 </body>
</html>
