3200 5509
306 501 367 557 884
603 492 724 557 ΝΟΤΙΕ
745 494 797 555 ΕΤ
816 487 1146 555 EMENDATIONBS

350 647 439 714 Car.
452 654 507 713 44.
544 646 583 713 C.
600 632 785 713 Cotronium.
820 648 936 713 Forsan
949 644 987 711 C.
1000 632 1195 723 Petronium,
1217 640 1316 730 inquit
1329 640 1432 711 Illustn

308 758 494 826 Pollicerins.
537 756 870 823 Utnilrilmutandum.
913 756 1015 821 Immo
1026 758 1108 841 apud
1119 756 1300 832 Grutennn,
1323 754 1435 839 p299.

305 892 337 953 n.
355 880 382 933 1.
397 867 436 933 C.
451 866 673 933 Cereonrus
690 889 817 933 neura.
862 867 982 933 Cerere
1002 868 1145 951 Augusto
1158 864 1285 931 consule
1298 862 1357 929 v1.
1377 888 1437 929 me-

307 992 461 1059 moratur3
484 990 515 1041 et
539 978 683 1063 quantum
707 1001 746 1041 ex
774 992 949 1063 temporum
973 978 1088 1043 ratione
1109 977 1240 1062 judicari
1266 989 1378 1061 potest,
1402 974 1437 1041 C.

310 1086 448 1155 Cotronii
460 1088 549 1174 legati
563 1102 648 1175 pater
661 1089 752 1153 fuisse
765 1088 892 1153 videtur.

352 1198 606 1265 Centurionotum
630 1198 700 1263 inde
724 1199 796 1285 egit.
839 1197 1034 1284 singulariter
1065 1198 1199 1263 dictum:
1232 1196 1306 1262 nihil
1343 1210 1439 1261 tameat

306 1310 556 1395 reprehenderim.
601 1308 695 1373 Forte
717 1308 808 1373 etiam
833 1310 903 1373 cbm
925 1308 1060 1374 centurio
1082 1306 1192 1373 milites
1211 1322 1390 1385 recenseret,
1410 1307 1441 1371 id

308 1421 422 1486 dictum
442 1418 589 1484 Romanis
608 1417 847 1483 centurionatum
868 1442 974 1503 agere:
996 1421 1067 1485 clm
1086 1419 1277 1483 centuriones
1295 1418 1380 1503 ipsos
1396 1440 1441 1480 re-
1569 1404 1570 1471 l

306 1543 442 1597 censeret
451 1529 663 1607 Germanicus,
677 1528 786 1593 merito
794 1529 871 1594 dixit
879 1529 1018 1608 Tacitus,
1032 1529 1278 1594 centurionatum
1288 1528 1360 1592 inde
1370 1530 1441 1615 egit.

307 1638 398 1705 Mart
410 1624 522 1705 divinat
534 1639 568 1705 J.
584 1640 620 1704 F.
635 1638 821 1717 Gronovius,
843 1641 1050 1705 centurionum
1063 1638 1134 1707 inde
1146 1637 1294 1703 delectum
1308 1638 1384 1727 egit,
1397 1636 1443 1703 rel

304 1752 531 1817 centurionatus
545 1739 616 1814 irate
628 1749 744 1837 eregit:
758 1750 781 1815 J
782 1774 829 1815 ac.
842 1749 1028 1827 Gronovius,
1040 1748 1274 1814 centurionatirn
1285 1748 1356 1813 inde
1370 1748 1442 1835 egit.

306 1858 464 1939 Heinsius,
485 1882 604 1925 ornnem
617 1860 836 1939 centurionum,
859 1858 904 1923 vel
919 1858 1156 1951 centurionatum
1169 1856 1241 1923 inde
1253 1858 1326 1945 egit.
1371 1855 1443 1922 Pel·

305 1969 438 2050 licerins,
452 1971 677 2035 centurionatu.
698 1967 774 2048 Alii,
788 1968 1031 2034 centurionatum
1045 1968 1115 2033 inde
1129 1966 1214 2055 legit.
1247 1968 1328 2031 Vide
1347 1967 1442 2033 Mire.

308 2080 388 2147 Obs.
405 2102 457 2145 rx.
471 2088 532 2153 291
549 2092 580 2145 et
593 2087 667 2153 898.
717 2095 720 2099 ·

301 2215 304 2222 ’
351 2187 521 2259 Retinebat
533 2190 678 2256 ordinem.
701 2190 869 2277 Perpetem
884 2192 1063 2272 Beroaldus,
1085 2192 1214 2258 ordines.

350 2297 448 2365 Dona
461 2298 623 2367 militaria.
645 2300 683 2365 ln
697 2301 780 2367 libris
791 2303 944 2382 omnibus,
958 2304 984 2367 si
998 2325 1088 2367 unam
1102 2301 1257 2387 exceperis
1272 2300 1322 2367 Cl.
1340 2300 1442 2367 lulle-

308 2413 399 2477 mand
412 2410 585 2490 editionem,
599 2410 730 2478 donaria
743 2410 907 2491 militaria,
925 2407 1116 2477 librariorum
1129 2432 1231 2477 errore
1244 2412 1314 2477 sans
1329 2412 1442 2491 obvio;

308 2522 352 2587 sic
365 2521 447 2587 enim
465 2520 543 2584 irrfm
555 2522 587 2585 in
601 2521 678 2587 MS.
693 2520 777 2587 Flor.
790 2520 902 2599 Annal.
919 2544 967 2585 vr.
985 2530 1037 2589 48.
1061 2522 1151 2587 Inter
1164 2522 1299 2587 ludibria
1320 2523 1443 2607 ἀμπ’-

308 2631 439 2710 culario,
461 2654 620 2716 perperam
634 2632 763 2717 repetiti
775 2632 858 2697 vocis
869 2632 1088 2711 terminatione,
1112 2646 1146 2696 ut
1159 2632 1241 2697 recte
1255 2630 1374 2697 monuit
1391 2630 1442 2697 Cl.

309 2741 466 2807 Ernestne.
511 2738 657 2807 Donaria
670 2742 708 2805 de
723 2740 794 2806 Diis
808 2743 924 2806 tantum
934 2741 1025 2807 labne
1035 2742 1185 2819 dicuntur,
1199 2742 1281 2806 dona
1295 2742 1333 2807 de
1343 2740 1441 2805 bomi-
1568 2726 1569 2731 ἵ

307 2850 406 2915 nibus.
450 2849 593 2937 Moxque
606 2820 716 2915 Amial.
734 2872 774 2915 11.
788 2859 820 2923 9.
834 2849 986 2915 militaria
1000 2850 1081 2915 dona
1095 2864 1326 2916 memorantem..
1347 2850 1441 2915 Hrmc

307 2960 411 3026 Taciti
424 2959 526 3025 locum
542 2960 661 3044 egregie
676 2958 806 3025 illuceat
828 2958 921 3025 Siccii
943 2960 1070 3026 Dmati
1090 2973 1121 3024 et
1143 2959 1255 3025 Manlii
1274 2960 1440 3047 Capitolini

307 3070 466 3149 fortitudo,
479 3072 518 3134 ad
531 3068 742 3151 eruditionem,
756 3082 789 3134 et
803 3070 918 3135 virtutis
929 3094 963 3135 ac
974 3070 1070 3135 laudis
1084 3070 1311 3135 incitamentum
1324 3092 1440 3153 memo·
1567 3060 1568 3075 ¹

308 3182 409 3271 reuda.
453 3180 533 3245 Plin.
558 3201 622 3245 vn.
644 3188 697 3246 88.
722 3179 763 3245 1..
784 3178 900 3245 Siccius
924 3178 1091 3258 Dentatus,
1113 3180 1167 3266 qui
1187 3176 1440 3267 tribunusplebis

297 3290 381 3380 fuit,
394 3290 448 3378 Sp.
463 3290 605 3376 Tarpeio,
621 3290 665 3354 A.
680 3289 791 3354 Aterio
806 3288 983 3367 consualibus,
998 3290 1039 3355 A.
1050 3290 1092 3353 U.
1107 3289 1147 3354 C.
1162 3298 1235 3355 800.
1251 3290 1337 3355 baud
1344 3290 1438 3355 multo

301 3414 371 3489 post
386 3413 504 3467 exactos
516 3423 609 3488 reges,
630 3399 681 3467 oel
691 3400 928 3465 summensima
943 3401 1082 3465 maxime
1099 3400 1280 3465 fortitudinis
1293 3398 1438 3489 suffragio

308 3512 411 3589 babet,
425 3513 534 3577 centies
545 3512 637 3576 uicies
644 3510 816 3596 pretiatur,
838 3510 928 3575 octies
941 3533 977 3575 ea
985 3512 1204 3597 prouocatione
1217 3513 1327 3589 uictor,
1344 3512 1438 3599 quad·

307 3623 433 3710 raginta
441 3623 571 3711 quinque
581 3622 771 3687 cicatricibus
784 3620 910 3685 aduerso
922 3643 1044 3707 corpore
1053 3622 1190 3708 iruignie,
1205 3620 1292 3686 aulici
1302 3622 1337 3687 in
1347 3632 1437 3710 terge.

309 3732 391 3799 Item
403 3732 501 3820 spolia
519 3731 598 3819 cepit
615 3740 668 3796 84.
691 3730 820 3795 donatia
840 3730 933 3796 bostis
951 3732 1040 3817 puris
1060 3730 1282 3819 duodeuiginti,
1303 3732 1438 3819 phaleris

308 3852 362 3910 25.
386 3843 541 3931 torquibus
559 3842 655 3907 tribaca
673 3852 702 3906 et
727 3850 778 3907 80.
804 3839 934 3905 amittes
962 3844 1031 3907 160.
1056 3842 1172 3907 coronis
1185 3844 1238 3907 26.
1260 3842 1365 3909 civicis
1393 3855 1435 3909 14.

307 3954 409 4019 auras
430 3960 462 4019 8.
484 3949 653 4018 muralibus
666 3959 698 4018 8.
711 3950 893 4034 obsidionali
915 3950 987 4029 and,
998 3950 1078 4038 fisco
1092 3952 1159 4017 eris
1177 3958 1225 4017 10.
1240 3952 1340 4041 Aegi.
1354 3952 1435 4023 5461.

312 4070 376 4133 17³2
390 4062 442 4127 od.
456 4068 567 4149 (neque
578 4062 730 4128 existimes
739 4084 810 4127 cum
821 4061 939 4127 erudito
948 4060 1108 4127 Harduino
1119 4062 1342 4157 superpositam
1352 4066 1434 4130 fuisse

307 4184 390 4237 notae
413 4171 525 4236 denarii
541 4196 576 4237 x.
595 4172 747 4251 lineolam,
777 4192 846 4257 quer
870 4172 970 4237 decies
992 4186 1116 4239 centena
1129 4171 1222 4237 nrillia
1237 4174 1316 4253 aeris,
1343 4174 1434 4264 Angi-

309 4279 450 4359 seusu.
462 4290 524 4345 loc.
539 4282 728 4367 significaret.
761 4280 923 4367 Repugnat
941 4295 1115 4367 temporum
1128 4296 1158 4347 et
1176 4272 1351 4369 reipublice
1367 4306 1434 4369 pso-

308 4403 419 4477 pertas.
463 4392 518 4470 At,
542 4405 575 4457 ut
593 4393 713 4479 opinor,
727 4390 801 4457 olim
820 4392 966 4477 scriptum
988 4414 1055 4457 xm.
1070 4406 1122 4459 aut
1146 4416 1181 4459 x.
1193 4422 1235 4463 o>-
1256 4395 1287 4459 id
1302 4409 1360 4474 est,
1374 4393 1432 4462 eris

308 4502 413 4569 decem
427 4502 584 4586 millibus.)
628 4501 767 4591 Captiuis
780 4515 810 4570 et
825 4524 889 4570 xx.
905 4502 996 4571 simul
1008 4504 1113 4585 bubus,
1125 4504 1318 4593 imperotores
1336 4526 1431 4571 norea
