3200 5509
160 489 188 578 d.
201 489 236 586 C.
251 493 296 554 17.
418 485 643 546 ANNALlUM
664 487 785 548 LIBER
805 489 1028 552 SECUNDUS.
1238 503 1295 558 125

159 635 240 714 darn
251 639 436 728 radonem,
459 640 496 712 in
510 639 651 729 eadem3
678 639 762 714 edm
778 642 901 716 Furius
923 645 1087 722 Camillus
1109 655 1293 747 proconsul

158 752 304 842 Africae,
328 754 498 852 legionem
523 772 556 826 et
578 755 671 851 quod
697 757 761 827 suh
782 755 886 853 signis
911 759 1095 850 sociorum,
1121 763 1157 836 in
1182 791 1292 840 unum

157 869 401 942 conductosad
417 869 549 940 hostem
568 867 686 940 duxit:
713 868 883 941 modicam
907 894 1060 962 manum,
1088 875 1116 948 si
1141 880 1291 954 multitu·

157 981 275 1056 dinem
295 982 523 1056 Numidarum
548 997 649 1079 atque
678 985 883 1056 Maurorum
907 1005 1095 1081 spectares:
1122 993 1182 1064 sed
1206 994 1289 1068 nihil

157 1094 258 1192 mqud
287 1099 478 1183 cavebatur,
503 1097 609 1192 quim
636 1121 680 1170 ne
707 1096 837 1170 bellum
865 1115 959 1178 metu
982 1101 1200 1176 eluderentt¹
1227 1132 1290 1204 spe

156 1209 304 1283 umoris
328 1210 457 1283 hducti
474 1227 566 1299 sunt,
588 1227 626 1284 ut
650 1211 875 1286 vincerentur.
926 1214 1033 1310 {gitur
1051 1217 1141 1315 legio
1162 1221 1288 1312 medio,

154 1323 246 1430 leves
267 1326 425 1398 cohortes
457 1326 603 1422 duaeque
637 1325 717 1398 alae²
754 1325 789 1396 in
817 1325 977 1399 cornibus
1008 1328 1184 1421 locantur3
1221 1357 1286 1408 nec

152 1435 352 1512 Tacfarinas
377 1461 527 1536 pugnam
547 1438 763 1511 detrectavit:
799 1437 866 1511 lusi
893 1440 1067 1530 Numidae,
1093 1445 1288 1544 multosque

154 1557 364 1649 postannos³
389 1551 631 1627 Furionomini
653 1569 788 1648 partum
805 1554 909 1625 decus
932 1553 1080 1628 militiae:
1105 1581 1185 1630 nam
1208 1580 1286 1656 post

153 1669 251 1741 illum
268 1667 525 1763 reciperatorem
545 1667 666 1755 urbis,⁴
687 1665 865 1763 filiumque
880 1670 952 1764 ejus
964 1669 1162 1760 Cantillum,
1180 1699 1285 1768 penes

151 1781 231 1855 alias
258 1781 398 1854 familias
424 1782 637 1876 imperatoria
670 1783 742 1854 laus
762 1780 884 1854 fuerat.
934 1787 1051 1880 Atque
1079 1785 1147 1873 bic,
1178 1811 1283 1884 quem

152 1919 392 1985 memoramur,
416 1897 586 1968 bellorum
611 1921 734 1993 expers
756 1897 964 1969 habebatur:
990 1899 1034 1970 ed
1059 1899 1200 1995 pronior
1224 1903 1283 1974 Ti·

150 2010 281 2084 berius¹
305 2033 359 2082 res
385 2026 495 2108 gestas
523 2012 614 2107 apud
633 2015 795 2086 Senatum
824 2011 1024 2084 celebravit:
1050 2031 1085 2085 et
1100 2014 1281 2088 decrevere

148 2141 261 2222 patres
277 2119 509 2220 triumphalia⁶
532 2125 692 2224 insignia.
719 2127 815 2223 quod
838 2125 984 2200 Camillo
1008 2129 1055 2200 ob
1082 2129 1280 2204 modoetiam

149 2239 229 2313 vitae
245 2240 385 2335 impune
400 2234 490 2310 fuit.⁷

190 2501 366 2560 'Nebellum
375 2502 601 2560 metueludereat.
616 2501 684 2559 Tra·
744 2521 798 2578 que
818 2503 994 2578 recuperavit
1014 2519 1089 2558 anno
1111 2503 1148 2562 U.
1160 2504 1194 2562 C.
1207 2499 1275 2563 364.

145 2583 255 2654 herent,
277 2581 440 2658 refugientes
458 2589 486 2637 et
500 2581 682 2639 detrectantes
743 2585 779 2638 A.
794 2581 829 2638 C.
842 2587 910 2650 389.
953 2581 1047 2638 Minio
1067 2581 1156 2640 illitus
1174 2585 1276 2642 triurn-

145 2663 289 2739 prtelium,
308 2661 351 2718 vel
377 2660 488 2737 putida:
517 2679 550 2720 ne
574 2661 680 2732 bellum,
742 2661 850 2736 phavit.
883 2661 956 2720 Plin.
971 2679 1095 2720 xnxrrr.
1108 2667 1137 2726 7.
1169 2663 1274 2732 lilium
1353 2681 1357 2687 ’

144 2743 164 2800 i.
178 2763 204 2801 e.
226 2759 347 2819 pugnam
365 2759 404 2797 sc.
418 2739 544 2816 praelium
558 2743 604 2814 <ut
620 2759 680 2816 pas-
742 2739 819 2797 haud
832 2741 993 2817 degenerem
1006 2741 1114 2798 habuit.
1155 2746 1196 2800 At
1211 2753 1274 2819 post

144 2820 209 2893 sim,
229 2833 257 2880 et
278 2823 329 2880 Gr.
349 2815 471 2892 πδλιμκε
494 2819 528 2875 de
545 2839 603 2894 quo
617 2821 679 2878 vide
741 2818 805 2875 illos
824 2820 1005 2897 imperatoria
1021 2821 1082 2878 laus
1101 2839 1184 2897 perrea
1203 2821 1273 2882 aliua

144 2901 180 2957 ad
196 2901 248 2959 Sil.
263 2897 580 2967 adclamantium
595 2899 678 2958 Rom.
741 2898 862 2956 familias
872 2919 981 2977 semper
992 2899 1092 2957 luerat.

144 2981 297 3051 eluderent,
310 2981 510 3036 detrectarent:
526 2997 583 3054 quo
597 2997 676 3036 sensu
780 2975 791 3010 ⁵
812 2977 855 3035 Et
877 2979 993 3056 pronior
1008 2977 1142 3037 Tiberius.
1193 2981 1269 3039 Nam

144 3079 241 3136 propr.
254 3059 361 3117 eludere
381 3057 466 3114 ictum
479 3056 614 3115 dicuntur
626 3077 679 3134 pu·
739 3057 771 3127 is,
795 3058 885 3115 claros
900 3060 973 3115 viros
993 3059 1148 3116 detrectare
1166 3072 1195 3116 et
1214 3080 1272 3118 sua·

142 3138 214 3213 giles
242 3151 269 3196 et
291 3137 465 3214 gladiatores,
490 3136 677 3194 declinatione
739 3147 852 3212 pectere
863 3137 970 3208 solitus,
990 3137 1065 3194 hunc
1080 3138 1143 3194 ideo
1156 3141 1270 3215 pronius

143 3219 346 3296 corporiseum
360 3215 527 3292 effugientes.
556 3216 630 3273 Vide
642 3219 676 3273 de
737 3216 850 3288 extulit,
875 3218 943 3292 quia
965 3217 1106 3273 hominem
1127 3218 1208 3274 nullia
1237 3219 1270 3275 ed

142 3299 244 3356 eodem
255 3297 441 3366 Tacfarinate,
460 3297 488 3352 3.
504 3301 552 3360 74.
571 3301 629 3353 ‘let
647 3303 675 3354 4.
738 3315 828 3371 usque
851 3295 967 3354 militari
991 3294 1076 3361 lamb,
1095 3296 1132 3351 ob
1152 3297 1270 3355 unicum

142 3383 190 3436 25.
546 3399 548 3404 ·
737 3375 792 3432 hoc
806 3375 946 3452 praelium,
962 3375 1030 3432 satia
1042 3373 1224 3449 intelligebat,
1235 3377 1269 3433 ed

182 3453 196 3481 ²
209 3457 333 3532 Duraque
344 3457 405 3514 eloe.
438 3453 585 3529 Equitum.
610 3453 677 3512 Gel-
737 3453 832 3530 gloriae
844 3463 929 3530 atque
939 3452 1115 3511 auctoritatis
1124 3471 1178 3510 non
1190 3474 1269 3530 posse

141 3536 207 3606 lius,
224 3553 291 3593 xvr.
306 3543 334 3593 4.
375 3535 437 3593 Ate
448 3535 529 3590 dicte
541 3531 676 3592 exercitlls
737 3534 914 3605 adscendere,
934 3545 968 3590 ut
978 3533 1080 3589 exinde
1094 3533 1146 3589 sibi
1160 3535 1271 3610 perieu-

140 3617 263 3692 equitum
276 3615 404 3680 ordinea;
426 3613 498 3700 qued
514 3613 615 3671 circrlm
639 3615 676 3670 le-
737 3611 796 3670 lum
806 3613 919 3671 haberet
927 3612 1118 3671 metuendum.
1145 3611 1270 3674 treinel.

139 3697 237 3772 mones
250 3693 348 3752 dextri
359 3691 534 3768 sinistrique,
547 3701 675 3766 tunquam
777 3684 1004 3769 ‘Triumphalia
1045 3692 1139 3767 Supra
1152 3693 1226 3750 Ann.
1246 3713 1269 3751 r.

139 3778 196 3832 oloe
220 3775 359 3832 iactuum
381 3773 538 3848 corporibus
552 3772 676 3829 locellor-
737 3775 784 3836 72.

140 3863 197 3910 tur.
244 3853 362 3910 Romani
382 3852 530 3908 vixxaut
552 3867 598 3907 xrr
614 3852 676 3908 mil·
775 3847 993 3930 ⁷lmpunefuit.
1026 3849 1271 3908 AbinridoPrin·

140 3931 595 4002 liahominumhabuere,Barbari
604 3931 674 3988 sorte
735 3931 798 4007 cipe
811 3931 993 3989 laudatusest
1006 3931 1117 4000 Furius,
1131 3931 1199 4005 quia
1212 3931 1269 3990 bel-

139 4020 257 4070 'centum
270 4011 370 4069 millia.
735 4009 827 4066 lorum
854 4029 953 4086 expers
975 4009 1142 4067 habebatur.
1195 4010 1270 4066 laus

180 4088 191 4122 ³
213 4091 375 4168 Multorque
386 4097 450 4166 pert
461 4109 554 4147 aanor.
597 4087 676 4145 Mul·
735 4089 809 4146 eninr
823 4091 949 4148 victoriae
968 4091 996 4145 in
1010 4108 1114 4147 numen
1128 4088 1268 4166 Principis

139 4181 182 4230 tos
195 4171 310 4249 quidem
320 4190 415 4228 annos.
457 4169 532 4225 Nam
546 4169 582 4224 ab
595 4169 674 4225 annis
735 4168 838 4244 potiris,
857 4169 942 4244 quarn
958 4170 987 4226 in
1000 4169 1114 4226 victoris
1127 4168 1212 4225 decus
1224 4187 1270 4225 ce·

138 4251 349 4328 quadringentis
367 4248 436 4307 nihil
459 4247 567 4305 decoris
580 4247 676 4310 Furio.
736 4249 800 4306 dere
819 4249 974 4306 videbatur.
1016 4249 1138 4306 Decreta
1155 4266 1268 4324 quoque

138 4348 205 4389 rum
219 4349 318 4387 nornen
332 4329 350 4387 b
364 4325 467 4387 militia
479 4337 634 4403 acceperut.
736 4328 754 4384 a
780 4328 911 4386 Patribus
941 4327 1127 4404 triumphalia
1151 4327 1268 4404 insignia

178 4407 424 4486 ⁴Beeiperutorem
436 4407 520 4466 urbis.
562 4406 605 4462 M.
620 4405 642 4464 F
645 4425 677 4463 u·
737 4405 876 4464 Camillus
894 4406 1010 4484 impune
1031 4407 1165 4476 obtinuit,
1191 4407 1291 4481 qudd-

136 4485 677 4565 riusCamillus,expugnatisVeiisanno
737 4497 852 4562 propter
869 4486 934 4545 vitae
954 4487 1118 4544 modestiam
1135 4485 1205 4543 nihil
1228 4487 1270 4542 ol·

139 4571 176 4630 U.
190 4569 226 4629 C.
239 4573 307 4629 358.
333 4569 433 4628 Gallos
457 4567 539 4638 ludit,
568 4567 678 4624 urbem·
738 4565 1097 4641 lensioniscepit'l'iberius.
