3200 5509
176 519 204 582 J.
216 519 251 578 C.
267 521 313 584 19.
437 507 662 572 ANNALIUM
683 505 805 566 LIBER
824 505 1048 568 SECUNDUS.
1244 521 1301 584 159

173 665 321 766 paternis
334 659 479 740 consiliis
493 661 706 734 adversatum
718 661 904 750 constabat,
918 661 1023 760 inque
1033 661 1157 736 liberos
1167 663 1301 763 Cotyis'

174 783 357 862 dividimr:
381 779 489 875 iisque
502 853 504 856 ,
517 776 670 849 nondutn
686 775 810 848 adultis
825 777 1061 850 Trebellienus
1077 775 1192 850 Rufius
1216 804 1303 874 prae·

174 895 254 972 turi
270 895 407 968 funum
422 893 534 979 danu,
549 889 609 986 qui
624 913 771 987 regnum
793 888 930 962 interim
952 907 1122 979 tractaret,
1145 896 1303 989 exemplo

176 1037 248 1108 quo
263 1010 406 1108 maiores
421 1007 582 1079 Marcum
602 1002 794 1098 Lepidutn¹
811 1003 988 1076 Ptolemaei
1009 1003 1122 1076 liberis
1143 1021 1303 1097 tutorem,

175 1123 212 1198 in
226 1125 417 1221 Egypttun
432 1119 601 1194 miserant
629 1116 860 1213 Rhescuporis
871 1117 1116 1190 Alexandriam
1133 1120 1304 1210 devectus,

174 1253 275 1336 atque
290 1236 359 1310 illic
375 1233 496 1333 fugant
511 1248 656 1319 tentans,
672 1253 716 1308 an
731 1231 813 1304 ficto
828 1229 981 1319 crimim,
995 1229 1207 1306 interficitur.

223 1473 284 1538 68.
307 1465 388 1539 Pru
403 1461 496 1536 idem
519 1476 652 1557 ternpus
668 1461 845 1548 Vonones,
860 1481 963 1556 quem
989 1475 1143 1532 amotum
1162 1460 1198 1532 in
1222 1461 1303 1536 Cili-

175 1575 263 1652 ciant
279 1575 486 1663 memoravi,³
500 1574 667 1672 corruptis
678 1574 874 1650 custodrhus
889 1573 1040 1672 effugere
1051 1575 1095 1646 ad
1106 1576 1302 1664 Armenios,

172 1691 252 1764 iude
272 1690 309 1764 in
332 1692 485 1766 Albanos
500 1687 792 1785 Heniochosque,4
807 1705 842 1762 et
856 1686 1144 1785 consanguineum
1166 1688 1229 1762 sibi
1248 1715 1302 1762 re·

172 1827 253 1902 gem
269 1805 474 1903 Scytharum
494 1817 634 1880 conatus
646 1821 717 1881 ost:
743 1803 854 1900 specie
874 1803 1031 1890 renaudi,
1047 1801 1176 1876 onrisu's
1203 1803 1303 1876 mari·

171 1917 262 1994 timis
287 1917 381 2008 locis,
409 1919 482 1994 avia
507 1919 655 1994 saltuum
681 1919 795 2015 petiit:
832 1943 916 1992 mox
940 1916 1134 2014 pernicitate
1154 1917 1233 2013 equi
1256 1918 1301 1990 ad

171 2055 308 2106 amnem
319 2033 526 2130 Pymmum⁵
542 2032 728 2120 contendit,
744 2036 841 2130 cujus
856 2049 976 2127 pontes
986 2032 1112 2105 accolae
1127 2049 1302 2127 ruperant,

169 2143 287 2223 audiit
302 2145 392 2243 regis
407 2143 514 2243 fugi:
539 2169 652 2241 neque
666 2146 755 2220 vado
770 2146 937 2240 penetrari
952 2161 1094 2239 poterat.
1142 2145 1251 2242 igitur
1264 2145 1302 2218 in

168 2258 247 2354 ripis
262 2257 456 2348 fluminisd
472 2258 573 2334 vnio
588 2254 783 2334 Frontoue⁶
797 2256 961 2357 praefecto
972 2257 1124 2354 equitum
1139 2258 1299 2333 vincitur:

170 2397 259 2450 mox
276 2372 468 2461 Remurius,
487 2379 671 2461 ttttoctttus⁷
697 2373 801 2470 priori
817 2372 979 2449 custodiae
1005 2373 1095 2470 regis
1109 2373 1301 2469 adpositae,

169 2487 268 2583 quasi
279 2511 342 2582 per
356 2487 442 2559 iram
457 2487 571 2584 gladio
587 2513 667 2560 eum
681 2488 853 2586 uatisigit:
880 2488 971 2559 unde
984 2489 1093 2584 major
1107 2487 1206 2574 fides,
1220 2511 1301 2560 con·

169 2598 310 2678 sciendi
325 2599 471 2688 sceleris,
487 2617 521 2674 et
536 2619 629 2674 metu
642 2602 768 2690 indicii,
784 2618 931 2676 mortem
947 2600 1084 2674 Vononi
1096 2597 1261 2672 inlatam⁸
1281 2671 1285 2677 .

170 2831 268 2901 tolca,
287 2831 340 2888 viri
353 2831 422 2900 duo,
434 2829 504 2888 ulter
515 2831 621 2904 sederis,
634 2841 708 2894 stans
800 2830 944 2892 *Albanos
951 2830 1170 2906 Heniochosque.
1182 2829 1298 2900 Albani,

171 2909 377 2980 attensinisut
395 2910 503 2968 hesum
517 2921 601 2968 tenet.
626 2913 708 2972 Fortd
760 2913 832 2970 mari
863 2913 967 2988 Caspio
997 2910 1105 2978 vicini3
1148 2909 1297 2978 Heniochi,

170 2989 232 3065 ipso
257 2988 469 3059 Rhoemetalces,
488 2989 538 3064 qui
557 2990 708 3050 Thraciam
760 3001 846 3068 ponto
878 2991 1010 3048 Euxino:
1045 2988 1158 3064 Scythae
1179 2987 1245 3046 verd
1275 2989 1297 3048 ii

170 3079 261 3134 totam
284 3071 321 3126 ab
351 3069 516 3144 imperatore
538 3070 655 3146 occipit,
677 3081 712 3130 ut
759 3081 834 3138 suut,
847 3071 898 3146 qui
911 3067 1259 3126 intrhlmautuhabitant.

172 3148 396 3224 conjectaturV.
411 3147 456 3209 Cl.
470 3149 556 3226 Cory,
569 3169 598 3226 p.
611 3154 660 3217 79.
799 3148 940 3206 'Amnem
951 3147 1109 3223 Pyramum.
1149 3147 1296 3221 Pyramus,

760 3227 903 3286 Cauoniae
931 3235 960 3282 et
989 3225 1098 3282 Ciliciae
1126 3224 1298 3298 Campestris

216 3303 437 3381 'Inqueh'bcrot
458 3304 562 3382 Coepit.
602 3307 649 3364 Ita
668 3314 709 3364 to
759 3307 870 3374 fluvius,
886 3305 921 3362 de
941 3322 1000 3379 quo
1018 3302 1143 3378 plurimu
1161 3315 1298 3362 memorat

171 3405 238 3449 rnen
259 3395 292 3442 ut
310 3403 366 3452 non
385 3397 529 3462 regnarent
539 3385 639 3459 singuli
653 3386 708 3444 Co·
760 3387 871 3454 Strabo,
884 3401 945 3440 xtt.
959 3403 988 3460 p.
1001 3377 1070 3439 536.
1091 3381 1178 3438 Nunc
1191 3382 1298 3440 dicitur

58 3463 60 3467 ’
171 3464 390 3542 tyisliberi,sed
414 3463 710 3541 unustauthtuimps-
765 3463 868 3522 Giton.

170 3553 256 3602 taret.
296 3543 378 3602 Certd
400 3544 510 3612 Strabo,
523 3561 585 3600 xit.
596 3561 626 3619 p.
641 3539 708 3602 556.
799 3535 913 3602 ‘Vibio
935 3539 1082 3600 Frontone.
1131 3539 1223 3598 Unius
1243 3541 1297 3600 ils

170 3624 216 3680 ait
228 3641 326 3693 unum,
338 3631 366 3682 et
382 3632 451 3682 natu
464 3622 631 3690 martimum,
642 3622 709 3680 chin
759 3622 900 3700 prefecto.
940 3621 1016 3679 Vide
1028 3631 1086 3677 not.
1099 3629 1130 3676 et
1138 3621 1249 3678 emend.
1259 3621 1297 3678 ad

170 3703 516 3780 haeoscribcrct,regnsre.
548 3697 711 3764 somnust
760 3705 884 3761 Annii.
897 3697 947 3760 68.
1116 3760 1125 3778 ,

170 3777 362 3861 inpetum..
381 3783 470 3844 sirit.
513 3784 596 3840 Anno
618 3781 655 3840 U.
675 3783 709 3842 C.
800 3777 972 3849 ’Romaion
984 3786 1121 3838 comatus.
1140 3779 1228 3853 Apud
1242 3777 1298 3836 Ro·

171 3867 244 3929 792.
259 3863 287 3921 J.
301 3863 335 3921 C.
360 3867 407 3930 39.
427 3861 493 3919 edm
515 3861 602 3918 Caius
622 3860 710 3920 Thra·
760 3879 856 3919 manos
867 3859 970 3917 militid
983 3859 1120 3927 defuncti,
1133 3865 1162 3914 ct
1185 3857 1296 3914 adeam

171 3941 249 4002 ciam
270 3948 358 4001 totam
383 3938 567 3999 Rhoemetulci
589 3939 631 3997 11.
656 3949 710 3998 tro·
759 3940 893 4008 revocati,
934 3937 1151 4014 appellabantur
1179 3938 1297 4006 evocati,

172 4021 257 4090 didit,
273 4022 360 4097 Cotys
379 4019 541 4076 Armeniam
566 4017 710 4090 minorem,
759 4019 863 4077 Graecd
892 4013 1042 4086 &tizam
1075 4016 1139 4072 vido
1164 4015 1296 4087 Dionetn,

171 4099 347 4176 etquusdstn
360 4099 576 4174 Arabiaepartcs
589 4099 711 4174 occepit,
761 4115 837 4156 xnv.
854 4117 883 4173 p.
898 4091 965 4160 276.
987 4114 1037 4153 nv.
1051 4115 1080 4172 p.
1097 4091 1165 4152 565.
1205 4095 1297 4153 Inve-

174 4189 208 4236 ut
218 4179 301 4237 docet
313 4177 381 4248 Dio,
395 4195 462 4235 unx.
480 4197 509 4254 p.
527 4172 595 4244 649.
637 4176 709 4236 Vide
761 4178 867 4234 teribus
878 4176 1048 4252 quibusdam
1060 4173 1153 4232 Taciti
1169 4174 1299 4233 editioni·

172 4251 676 4333 ctSupplementumAnnul.11.67.
762 4257 815 4314 bus
834 4263 961 4314 euocatus
981 4275 1033 4330 pro
1053 4254 1165 4311 nomino
1183 4254 1298 4330 proprio

214 4331 368 4394 ²Morcttm
388 4335 530 4411 Leptdum.
575 4333 709 4402 Marcum
761 4334 913 4410 accipitur.
953 4336 994 4390 At
1013 4335 1112 4394 melius
1134 4333 1298 4402 Beroaldus,

172 4415 322 4474 AEmilium
332 4413 709 4491 lepidum,PtolcmaeiPhi-
761 4415 936 4482 recentiores,
961 4425 990 4470 et
1013 4414 1114 4491 optitni
1138 4413 1299 4487 interpretes

171 4493 307 4568 lopaton's
328 4495 443 4570 AEgypti
465 4494 534 4569 regis
556 4491 709 4552 liberorum
762 4492 931 4570 pronomine
939 4491 1055 4550 militari
1066 4503 1209 4566 usurpent.
1220 4491 1298 4549 Evo-

172 4575 418 4708 tutorem.6vide
437 4582 495 4632 not.
507 4584 535 4631 et
552 4574 660 4638 emend.
673 4573 709 4632 ud
761 4590 858 4632 onnus
873 4591 946 4648 saepe
965 4581 1121 4630 memorant
1135 4582 1238 4628 ueteres
1257 4569 1298 4625 la·

172 4653 248 4712 Anu.
264 4671 300 4710 11.
334 4659 362 4720 7.
783 4653 851 4712 ides.

174 4723 178 4732 ⁴
209 4727 403 4794 ‘memoravi
443 4731 536 4812 Supra
550 4750 614 4812 cap.
630 4735 678 4808 58ἲ
761 4673 953 4790 p'Mortem
966 4724 1073 4787 Vononi
1085 4729 1209 4787 ittiotutu.
1230 4727 1299 4787 Suo·
