3200 5509
325 524 386 578 442
625 514 747 576 NOTAE
768 516 819 575 ET
839 516 1168 577 EMENDATIONES

327 668 495 734 cratodr’trrr
508 664 645 732 domitur
664 668 910 755 mogirtrataaon,
932 690 1008 753 quar
1029 666 1237 733 Sallmtiuain
1259 668 1375 735 caath.
1388 681 1434 743 t't.

326 781 439 845 liberor
452 778 602 845 custodias
612 776 757 862 appellat.
798 776 905 841 Tertia
918 778 1053 843 moroan
1064 782 1144 863 apud
1155 780 1254 859 rader,
1267 802 1321 844 aen
1330 781 1440 867 fideju-

327 913 425 969 aorem
446 890 488 953 ric
503 888 580 951 iufra
594 886 705 951 Annal.
719 896 793 951 v08.
838 886 877 952 P.
894 887 1034 952 Vitellius
1047 901 1079 951 et
1092 888 1284 973 Pomponius
1296 891 1442 954 &undar

326 1005 434 1067 fratrea
446 1024 516 1065 auor
529 1000 618 1063 rades
630 998 773 1061 habuere.
818 996 993 1061 Caatremea
1006 1022 1127 1083 quoque
1146 1014 1234 1063 erant
1251 1022 1393 1079 carneres,
1410 1012 1442 1063 nl

326 1113 454 1177 vidimus
464 1132 554 1195 anpra
563 1107 674 1173 Annal.
687 1130 711 1171 1.
721 1116 774 1170 91.

372 1222 478 1309 Nepae
490 1220 571 1285 enim
582 1240 740 1283 curarum.
782 1212 872 1281 Male
887 1218 1050 1297 Ferrarius,
1060 1218 1263 1285 adaennrrnm.

370 1433 459 1499 Car.
481 1442 535 1499 93.
588 1431 791 1497 Monimerrta.
850 1432 899 1498 lta
925 1436 1069 1500 editiones
1096 1460 1200 1503 ornnes
1232 1450 1358 1503 veterae.
1409 1432 1444 1499 ln

327 1545 552 1621 recentioribus,
564 1554 770 1607 monumenta.

369 1760 459 1826 Cae.
473 1772 526 1827 24.
571 1759 613 1823 In
628 1756 842 1845 rempublicam
846 1752 993 1847 fortuna.
1016 1752 1128 1827 llluatr.
1143 1756 1278 1827 Huetius
1293 1773 1325 1825 et
1338 1760 1445 1827 Erner·

325 1884 376 1943 tua
392 1870 525 1948 mallent,
549 1869 582 1933 in
603 1866 767 1953 republici-
812 1870 915 1935 Bene:
937 1873 989 1935 red
1013 1894 1074 1935 non
1095 1872 1272 1935 neceaamio.
1317 1870 1370 1937 De
1390 1871 1446 1933 lale

325 1981 467 2047 varietate
488 1982 627 2057 fortune,
650 2002 741 2065 quam
763 1992 906 2063 expertus
925 1993 971 2049 eat
993 1982 1160 2065 Augustus,
1180 1981 1289 2045 merito
1310 1984 1445 2045 observat

326 2090 454 2169 Plinius,
470 2105 534 2155 vu.
547 2099 601 2155 45.
630 2088 673 2151 Id
688 2086 773 2153 llioo
783 2110 902 2175 quoque
916 2088 1067 2177 Augusto,
1080 2113 1168 2177 quem
1180 2091 1321 2158 aniverso
1334 2102 1446 2155 morta
1553 2092 1554 2101 ’

325 2201 398 2269 litor
411 2201 445 2265 in
457 2198 513 2265 bria
525 2196 658 2263 felicium
671 2198 829 2262 bominum
844 2198 966 2265 conrard
980 2210 1147 2285 nannrpat,
1156 2200 1183 2265 ri
1193 2200 1358 2286 diligenter
1372 2199 1446 2263 erti-

323 2320 442 2385 mentor
460 2320 580 2385 canda,
600 2330 714 2394 magno
736 2308 825 2372 rortir
845 2308 983 2374 bumana
1007 2310 1193 2394 reperientur
1206 2310 1379 2375 volumina·

323 2418 602 2504 adulteriamfilia,
612 2428 642 2481 et
652 2416 777 2483 coneilio
783 2416 949 2503 parricide
962 2416 1203 2505 palomsacta··
1214 2452 1224 2473 ·
1235 2418 1337 2483 aliud
1350 2418 1447 2502 neptia

324 2526 636 2597 adulterium-mlo
662 2524 788 2605 mmmd,
815 2524 886 2591 derra
912 2526 975 2605 ille,
1003 2526 1174 2614 colamque,
1198 2529 1295 2593 nereio
1323 2526 1445 2612 adeprm

323 2641 433 2728 aegis,
446 2662 488 2705 on
500 2637 634 2715 meritur,
643 2636 750 2703 beredo
761 2635 856 2701 bortis
869 2636 1004 2721 raifilio,
1017 2637 1147 2701 eroerrt't.

367 2750 410 2814 ln
432 2772 497 2835 qua
525 2747 618 2813 tendi.
661 2746 806 2810 Heinsius
829 2747 962 2831 corrigit,
990 2746 1117 2813 intendi.
1159 2748 1204 2812 At
1230 2751 1302 2815 eum
1331 2750 1447 2814 Smer·

324 2856 454 2923 Hercul.
468 2858 541 2923 Fur.
552 2878 628 2921 vers.
639 2864 713 2923 538.
723 2854 842 2933 dixerit,

533 3084 589 3165 Et,
602 3086 662 3174 qrai
669 3088 764 3175 pleno
776 3097 859 3153 ratrr
874 3086 1011 3153 Carbara
1026 3090 1192 3155 tenderunt.

322 3314 412 3380 Nihil
428 3313 616 3398 mutaverim,
630 3318 701 3386 licet
715 3320 912 3386 Heinaianam
926 3318 1161 3387 emendationem
1176 3324 1358 3407 approbem.

368 3442 432 3512 Qui
451 3465 510 3528 per
533 3444 681 3533 insignem
706 3448 908 3512 nobilitatem.
952 3448 1065 3513 Tentat
1088 3448 1254 3525 Acidaliae,
1278 3448 1334 3537 pai
1356 3468 1441 3535 saper

320 3550 469 3638 insignem
481 3552 673 3618 nobilitatem
688 3567 717 3620 et
737 3554 907 3644 eloquentid
917 3558 1118 3645 precellebat,
1129 3558 1170 3622 ita
1183 3572 1217 3621 ut
1236 3572 1265 3622 et
1279 3582 1337 3643 pro
1351 3560 1438 3624 etiam

323 3674 490 3745 usurpetur.
534 3662 609 3727 Non
623 3663 811 3749 ineleganter,
826 3670 878 3731 aed
892 3670 1041 3733 audacter.
1551 3642 1552 3667 l

366 3768 451 3842 Quia
464 3794 526 3837 non
539 3776 800 3841 senatusconsulto.
845 3777 1041 3863 Quadruplex
1063 3776 1191 3863 lpatril
1207 3776 1336 3841 abeundi
1355 3776 1436 3842 ratio.

321 3878 437 3962 Prima,
450 3884 571 3948 decreto
585 3887 713 3965 renatus,
727 3910 788 3972 quo
801 3886 874 3951 nihil
886 3886 1013 3971 gravius.
1056 3884 1104 3953 Ita
1119 3888 1251 3952 savirum
1266 3887 1296 3951 in
1311 3887 1436 3952 Postha-

319 4008 405 4057 tnum
419 3993 601 4079 Agrippam,
613 3995 725 4061 Annal.
746 4018 770 4060 1.
784 3998 816 4061 6.
860 3998 1008 4077 Secunda,
1022 3998 1099 4082 lege,
1122 3999 1192 4063 clm
1210 4000 1330 4085 judices
1352 3996 1435 4062 exilio

319 4101 497 4169 multabant.
538 4104 655 4186 Tertia,
669 4106 819 4171 voluntate
843 4106 1004 4193 Principis,
1027 4109 1096 4173 cbm
1117 4106 1216 4173 edicto
1238 4108 1371 4186 exilium,
1391 4104 1433 4169 vel

318 4211 419 4295 polida
440 4211 650 4297 relegationem
671 4216 847 4301 imperabat.
891 4219 1018 4298 Quarta,
1042 4218 1196 4282 voluntate
1218 4218 1351 4302 propriil,
1370 4218 1432 4281 clm

320 4319 398 4404 quir,
411 4334 447 4388 ot
458 4320 560 4405 legum
579 4327 775 4405 severitatem,
788 4326 864 4391 iram
879 4326 1030 4411 Principis
1043 4328 1212 4408 declinaret,
1227 4341 1335 4412 sponte
1348 4328 1432 4414 profi·

319 4428 496 4495 ciseebntur.
542 4432 593 4498 De
611 4434 657 4501 his
669 4437 736 4502 vide
747 4436 902 4520 Ovidium,
918 4456 960 4505 11.
974 4437 1067 4506 Trist.
1082 4436 1170 4523 Eleg.
1187 4458 1211 4504 1.
1229 4447 1284 4504 181
1301 4450 1333 4505 et
1345 4434 1432 4525 eeq.l

316 4536 428 4623 liprio
441 4540 622 4611 laudatum*
