3200 5509
665 534 924 611 PRAErmo.
1298 550 1351 617 xix

268 739 337 823 Ad
357 738 430 824 lias
447 736 672 821 studiorum
692 764 810 821 curas
829 738 928 823 sune
946 766 1151 827 accessere
1168 762 1347 833 castren-

210 882 272 965 sia
300 880 517 993 stipendia.
574 876 625 961 Id
659 879 768 961 enim
800 879 913 989 apud
949 880 1158 968 Romanos
1185 892 1343 1000 optime

146 1030 149 1039 '
211 1024 455 1121 institutum,
483 1032 532 1103 ut
557 1022 735 1133 juvenis,
776 1022 902 1106 literis
929 1025 1124 1126 imbutus,
1154 1036 1342 1118 suumin

207 1168 349 1261 castris
369 1164 611 1249 industriam
630 1163 902 1273 adprobaret:
931 1168 991 1253 sic
1009 1170 1109 1253 civis
1128 1202 1250 1273 unus,
1272 1178 1342 1259 rix

200 1312 461 1421 juventutem
480 1310 696 1419 ingressus,
715 1306 769 1393 ad
789 1310 929 1393 omnia
945 1312 1181 1421 reipublicoe
1200 1318 1343 1401 munia
1461 1332 1467 1345 '

205 1454 508 1564 accingebatur.
537 1450 719 1551 Tacitus,
738 1452 787 1537 iis
799 1465 968 1565 paratus
979 1457 1195 1554 exercitiis,
1209 1460 1342 1569 etque

206 1608 344 1694 etate,
372 1598 456 1705 qud
476 1594 528 1678 ad
547 1596 720 1679 honores
753 1598 927 1707 patebat
943 1598 1093 1697 aditus,
1123 1599 1342 1710 Vespasia·

205 1767 303 1821 num
335 1738 536 1823 inchoatae
568 1767 652 1823 suae
683 1740 894 1849 dignitatis
927 1755 1137 1825 auctorem
1165 1741 1339 1827 habuit.¹

204 1880 231 1967 J
236 1881 370 1979 uveni,
399 1882 470 1990 qni
492 1884 533 1977 in
554 1883 756 1991 egregiam
776 1910 891 1994 spem
912 1883 1185 1983 adolescebat,
1214 1884 1338 1967 filiam

203 2050 318 2107 suam
349 2024 568 2133 despondit
601 2024 752 2109 Cneius
786 2026 923 2112 Julius
955 2026 1163 2137 Agricola,
1194 2028 1338 2111 consul

203 2184 312 2249 anno
347 2138 475 2247 Urbis
509 2164 699 2251 Conditae
730 2176 825 2253 830.
867 2198 919 2253 ac
951 2170 1337 2280 postconsulatum

201 2310 445 2392 collocarit.⁸
519 2308 655 2393 Soceri
702 2312 827 2393 decus
873 2339 1024 2421 genero
1060 2340 1210 2395 novum
1256 2311 1338 2398 fuit

201 2451 456 2536 claritudinis
507 2453 824 2564 adjumentum
876 2456 1048 2568 ejusque
1091 2452 1336 2564 dignitatem

199 2594 316 2679 auxit
335 2594 479 2679 Titus!

253 2869 427 2967 Interim
457 2882 557 2965 nihil
587 2882 641 2967 de
671 2884 817 2969 studiis
858 2886 884 2968 d
919 2883 1065 2969 Tacito
1095 2882 1333 2967 remissum:

195 3028 324 3111 immo
344 3026 386 3109 in
418 3054 468 3109 ea
500 3038 616 3109 tanto
650 3030 782 3115 anius
812 3030 1031 3126 ferebatur,
1058 3024 1173 3135 qubd
1202 3052 1246 3107 se
1275 3024 1333 3109 ad

195 3196 355 3253 summa
374 3170 557 3279 genitum
580 3172 900 3278 persentisceret,
919 3184 961 3253 et
975 3172 1019 3253 in
1034 3170 1122 3255 foro
1132 3194 1332 3277 magnum

193 3342 343 3397 numen
377 3310 572 3395 audentis
604 3325 646 3394 et
678 3311 839 3422 impetu
861 3314 1025 3409 certirls,
1053 3308 1179 3421 qudm
1208 3310 1330 3395 lentis

192 3458 458 3569 operosisque
488 3454 781 3554 moliminibus,
810 3456 976 3567 praeripi
1008 3454 1220 3565 cogitaret.
1274 3449 1330 3535 In

194 3602 314 3685 Urbe
362 3597 522 3709 pridem
567 3597 797 3681 invaluerat
834 3600 1030 3707 quaedam
1068 3596 1327 3707 ingeniorum

190 3744 407 3829 mollities:
451 3740 582 3823 forum
609 3768 788 3851 quoque,
829 3740 1053 3852 praevalidd
1083 3736 1327 3845 Principum
1415 3838 1420 3847 Ι

189 3886 436 3973 auctoritate
454 3884 643 3981 fractum,
663 3882 850 3969 arcteris
863 3878 1327 3993 eloquentiae-gravitate

189 4033 242 4115 ad
263 4030 401 4113 diserti
421 4030 615 4111 sermonis
634 4027 856 4139 elegantias
877 4026 1110 4111 deflexerat.
1142 4020 1324 4113 Tacitus,

191 4188 236 4257 ut
269 4170 592 4284 praecellentibus
627 4174 801 4285 ingeniis
833 4172 1016 4267 solitum,
1047 4192 1200 4250 novam
1228 4160 1325 4256 iniit

230 4458 239 4487 ¹
261 4454 363 4519 Tacit.
379 4452 462 4523 Hist.
479 4478 503 4523 1.
529 4464 556 4519 1.
823 4448 836 4487 ⁸
856 4446 960 4517 Tse-it.
976 4444 1059 4514 Hist.
1077 4466 1100 4511 r.
1125 4452 1154 4509 1.

227 4544 240 4575 ²
261 4540 360 4607 Tacit.
375 4538 438 4606 Vir.
452 4544 555 4629 Agric.
570 4564 638 4631 cap.
650 4550 681 4619 9.
