3200 5509
298 539 355 594 120
656 535 692 593 C.
711 533 908 593 CORNELII
926 529 1062 591 Tncm
1140 544 1145 550 '
1205 532 1243 589 A.
1256 531 1294 589 U.
1306 534 1341 592 C.
1353 535 1421 599 770.

295 695 322 730 “
339 703 373 759 et
393 683 577 784 ignondnii
593 685 668 775 sui,
692 688 777 759 etim
799 689 981 784 conjunx,¹
1005 685 1090 757 cum
1110 681 1200 756 lilius
1225 686 1312 782 ejus,
1327 683 1424 758 serri-

296 808 323 844 “
339 799 424 872 tium
436 801 546 873 adhuc
559 802 714 872 tolerent.
751 803 801 871 At
817 825 854 874 se
868 798 1050 872 duodecim
1066 797 1255 896 legionibus
1266 799 1424 894 petitum²

296 923 322 958 “
340 916 427 987 duce
443 914 593 1002 Tiberio,
616 913 776 986 illibatam
793 914 1048 986 Germanorum
1063 911 1208 1009 gloriam
1223 913 1421 985 servavisse:

297 1035 323 1072 ‘⁶
340 1053 423 1100 mox
450 1027 697 1100 conditiombus
725 1027 832 1124 aequis
859 1025 1064 1098 discessum:
1106 1050 1219 1123 neque
1262 1026 1425 1122 poenitere

297 1147 323 1186 “
340 1143 435 1238 qubd
451 1142 603 1238 ipsorum
617 1140 654 1212 in
671 1165 773 1212 mann
789 1138 845 1228 sit,
858 1140 1031 1238 integram
1045 1140 1210 1212 adversus
1235 1141 1425 1212 Romanos¹

276 1261 323 1300 '“
339 1257 482 1343 bellum,
518 1280 562 1327 an
588 1280 708 1352 pacem
738 1255 949 1328 inementam
980 1254 1135 1326 malint.”
1193 1253 1258 1326 His
1290 1253 1426 1328 vocibus

296 1371 471 1444 instinctos
503 1371 671 1442 exercitus
707 1371 854 1467 propria
888 1395 1026 1467 quoque
1053 1394 1164 1441 causae
1191 1367 1422 1440 stimulabant:

298 1483 417 1558 cumi
437 1484 617 1556 Cheruscis
628 1486 941 1583 Langobardisque,
956 1509 1021 1581 pro
1040 1484 1180 1580 antiquo
1191 1483 1349 1569 decore,⁴
1371 1497 1425 1553 aut

298 1599 426 1670 recenti
443 1597 615 1689 libertate3
643 1617 676 1672 et
702 1617 833 1690 contra,
858 1600 1024 1698 augendae
1047 1595 1267 1670 dominationi
1287 1611 1427 1668 certare·

299 1727 368 1784 tur.
417 1714 500 1784 Non
528 1712 608 1786 aliis
632 1717 759 1812 majore
779 1717 871 1788 mole
892 1737 1110 1801 concursum,
1133 1735 1245 1808 neque
1268 1709 1427 1807 ambiguo

300 1824 408 1923 nugis
434 1843 569 1917 eventu,
598 1825 680 1900 fusis
708 1830 878 1926 utrimque
898 1829 1027 1902 dextris
1050 1827 1220 1900 cornibus.
1268 1825 1428 1920 Speraba-

301 1955 426 2036 turque
458 1965 595 2012 rursum
626 1967 753 2040 pugna,
794 1945 830 2016 ni
858 1943 1093 2017 Maroboduus
1129 1957 1237 2014 castra
1263 1939 1299 2009 in
1327 1937 1429 2009 colles

302 2054 528 2127 subduxisset.
590 2056 630 2127 ld
660 2057 796 2155 signum
827 2057 990 2154 perculsi⁵
1029 2053 1118 2128 fuit:
1160 2069 1194 2126 et
1230 2043 1428 2149 transfitgis⁶

307 2251 419 2328 ciplind,
431 2273 521 2320 munte,
531 2253 749 2331 experientiaque
761 2257 844 2314 bello·
894 2256 1021 2314 nondum
1034 2261 1137 2331 capto,
1145 2271 1204 2327 par
1215 2269 1283 2308 cum
1296 2250 1430 2306 Mambo-

307 2352 368 2389 rum
392 2332 465 2390 inter
487 2333 623 2390 &aanor
646 2334 746 2392 militet
763 2337 842 2412 prin·
896 2336 955 2393 duo
967 2335 1056 2410 aequis
1068 2331 1277 2390 conditionibus
1298 2341 1385 2404 pacta
1397 2339 1427 2383 ut

307 2431 379 2486 cepe,
409 2431 531 2470 marcore
563 2413 649 2482 ducis,
690 2413 842 2482 Quinctilii
896 2415 936 2471 vis
971 2413 1037 2470 belli
1069 2412 1098 2468 in
1127 2409 1243 2467 tebelles
1266 2418 1428 2464 verteretur.

309 2491 390 2559 Vati,
418 2491 538 2567 peqfidid
569 2491 663 2561 laetu,
695 2493 845 2568 iniquitate
897 2493 1034 2562 Velleius,
1058 2509 1096 2548 11.
1125 2495 1182 2556 109
1205 2499 1234 2545 et
1255 2493 1322 2544 110.
1364 2486 1428 2556 Dio,

300 2569 429 2649 sortunoe
462 2571 844 2630 circumuentus-inclusae
899 2590 950 2630 av.
964 2593 993 2649 p.
1009 2567 1065 2630 568
1076 2582 1104 2628 et
1115 2585 1172 2644 seq.

310 2649 405 2725 sylvis,
416 2650 572 2722 paludibus,
586 2649 702 2720 insidiis,
711 2651 748 2707 ad
760 2651 847 2707 inter·
936 2645 948 2680 ³
962 2651 1108 2727 integrunt
1127 2647 1259 2705 mametis
1284 2645 1428 2703 Romunm

310 2726 445 2784 necionem
468 2727 626 2786 trucidatus
649 2737 699 2786 cet.
746 2730 846 2787 Faten·
899 2729 991 2787 Natta
1010 2730 1102 2798 clade,
1124 2726 1205 2784 nullo
1231 2727 1370 2783 dedecore
1391 2725 1428 2782 ut*-

312 2807 380 2862 dum
395 2816 487 2863 tamen
500 2807 620 2882 legiones
638 2827 692 2866 non
707 2809 791 2866 luisse
804 2811 845 2866 in-
898 2810 975 2881 lecti,
1000 2811 1087 2867 immo
1112 2807 1200 2882 aequis
1222 2806 1428 2864 conditionibus

313 2897 412 2959 tegens.
453 2885 612 2942 Nonnullae
632 2889 705 2944 enim
725 2889 848 2963 legiona-
899 2889 1012 2956 broces,
1031 2890 1169 2964 integrum
1182 2885 1315 2942 adversus
1329 2885 1429 2941 Roma-

313 2965 766 3040 riosipsisBatbaris‚tuendorum
777 2987 847 3045 prae-
898 2987 947 3026 nos
969 2969 1085 3036 bellum,
1104 2985 1237 3044 pacemne
1255 2965 1429 3021 incruentam

312 3043 847 3119 sidiorutnautfugandornmlatronum
898 3047 999 3123 eligere
1025 3056 1162 3124 poterant.
1216 3045 1358 3118 lntegratn
1390 3053 1430 3098 est

314 3123 406 3198 specie
429 3125 573 3202 permissos
591 3123 674 3184 docet
700 3127 848 3198 Dio,tv1.
898 3128 993 3184 adhue
1018 3125 1135 3195 bellum,
1162 3125 1229 3182 cum
1254 3123 1343 3198 aequis
1368 3123 1430 3178 riti-

314 3220 344 3276 p.
358 3207 425 3260 583.
899 3209 960 3272 bus,
992 3207 1116 3282 ancipite
1137 3202 1257 3260 victotid
1288 3203 1430 3280 utrimque

899 3297 1051 3362 pugnatur.

355 3360 366 3386 ¹
393 3361 461 3420 Cim
485 3367 611 3440 conjunx.
660 3363 753 3440 Supra
772 3367 847 3423 Ann.
937 3363 955 3398 ⁴
980 3367 1039 3422 Pru
1062 3364 1176 3440 antiqno
1202 3362 1307 3420 decore.
1360 3360 1431 3417 Clie-

317 3447 486 3506 t.57et58.
899 3445 984 3514 maci,
1010 3445 1201 3501 Romanorum
1227 3440 1355 3509 victores,
1380 3457 1431 3516 pro

356 3517 533 3578 ²Duodecim
555 3522 704 3597 legionibus
721 3522 848 3597 petitum.
899 3525 1016 3600 antiquo
1037 3524 1153 3580 decore:
1175 3519 1361 3597 Langobardi,
1380 3519 1431 3595 qui

318 3599 539 3665 Maroboduum,
556 3599 665 3656 firmato
678 3619 769 3675 regno,
793 3603 849 3658 Ro-
899 3623 989 3679 nuper
1012 3603 1031 3659 d
1053 3601 1232 3658 Maroboduo
1263 3599 1430 3668 defecerant,

317 3679 406 3736 manis
433 3679 613 3736 metuendum
639 3680 743 3756 petivit
765 3681 850 3737 Tibe-
898 3701 950 3760 pro
973 3683 1077 3739 recenti
1101 3680 1229 3736 libertate
1260 3680 1430 3755 pugnabant.

316 3758 375 3814 rius
395 3761 432 3815 A.
451 3758 486 3814 U.
500 3759 534 3814 C.
553 3761 627 3826 7⁵9;
648 3759 849 3835 mandavitque
899 3763 1006 3820 Contra
1026 3760 1239 3827 Maroboduus,
1253 3768 1296 3814 tot
1308 3757 1431 3834 gentium

319 3837 415 3894 Sentio
442 3837 593 3894 Saturnino
616 3847 649 3894 ut
673 3857 723 3914 per
741 3838 850 3909 Cattos,
899 3841 1028 3910 domitor,
1051 3859 1102 3918 pro
1125 3835 1253 3915 augendi
1273 3837 1371 3894 adhue
1384 3837 1435 3892 do·

317 3915 419 3974 excisis
456 3917 660 3974 continentibus
698 3918 848 3994 Hercynia
900 3921 1050 3977 minatione
1062 3921 1198 3976 certabat

317 3995 411 4071 sylva,
422 3994 541 4069 legiones
553 3995 749 4064 Boiohemurn‚
763 3997 850 4054 Bole·
938 3997 1081 4077 'Signum
1089 3999 1219 4076 perculsi.
1259 3995 1386 4054 Perculsi
1397 4013 1433 4052 ac

317 4075 381 4144 mia,
394 4075 526 4131 duceret:
547 4094 575 4132 se
587 4073 605 4130 i
617 4077 763 4134 Carnunto
773 4094 848 4133 nunc
898 4079 976 4137 victi.

318 4152 487 4229 Haynburg‚
507 4155 543 4210 ad
561 4155 729 4212 confluentes
751 4157 850 4214 Danu·
905 4201 910 4208 .
941 4153 1146 4235 “Transfugia
1188 4155 1329 4214 Paulatim
1345 4155 1433 4211 nuda·

319 4231 358 4290 bii
372 4243 401 4288 et
412 4231 498 4299 Mati,
509 4233 649 4303 Μοναεὶα,
662 4235 762 4311 posito,
771 4255 850 4292 exer·
901 4246 947 4294 tus
956 4237 1116 4307 Cheruscis,
1124 4237 1172 4312 qni
1181 4255 1248 4293 cum
1257 4236 1432 4311 Inguiomero

319 4309 410 4368 citum
430 4329 465 4366 ex
486 4311 601 4388 lllyrico
620 4312 649 4368 in
664 4314 851 4371 ‚Marcoman-
901 4317 936 4372 ad
957 4335 1022 4373 enm
1042 4317 1254 4390 transfugetant,
1276 4316 1308 4371 in
1320 4315 1433 4370 Mareo-

319 4407 370 4446 nos
382 4390 546 4447 ducturum.
587 4391 779 4469 latrapaucos
792 4393 850 4450 dies
902 4413 1016 4453 mannos
1034 4395 1270 4472 populaturum
1288 4393 1431 4451 concessit.

321 4469 488 4526 Saturninus
500 4487 567 4527 eum
580 4469 693 4528 Tiberio
698 4473 852 4546 juncturus
903 4475 942 4531 lli
959 4475 1165 4544 Marcomanni,
1183 4475 1260 4531 Mari
1270 4473 1357 4544 ilarii,
1369 4473 1435 4530 Mo·

320 4558 389 4619 erat,
399 4548 465 4606 edm
480 4549 651 4606 Pannoniam
666 4551 853 4610 Dalmatiam·
902 4554 990 4624 raaia,
1015 4554 1131 4623 accolae,
1150 4555 1265 4612 omnino
1290 4553 1388 4610 diversi
1414 4551 1433 4608 i

322 4645 379 4703 qun
397 4627 542 4688 rebellasse
560 4631 731 4691 nuntiatum.
772 4631 852 4690 Bello
872 4704 876 4711 ῃ
903 4633 1153 4708 Marcommanais,
1171 4653 1242 4711 quoa
1259 4632 1359 4692 Rheno
1371 4648 1433 4707 pto·
