3200 5509
283 536 342 594 200
604 542 639 600 C.
659 538 857 601 CORNELII
875 542 1010 601 TAClTl
1203 546 1410 614 A·U·C.T!5.

284 712 428 771 trectare
445 700 537 795 quod
555 722 626 772 non
642 702 825 776 obtineret:
851 702 907 777 rel
923 708 1120 793 retentum‚¹
1139 702 1361 803 ignominiam
1380 720 1414 777 et

284 810 456 885 infamiam
473 813 625 888 virorum
641 816 834 890 inlustrium
850 834 1021 915 posceret:
1046 820 1223 915 postremd
1246 818 1358 891 literas
1370 818 1411 892 ad

286 944 440 1001 senatum
455 930 659 1027 composuit,
673 956 820 1029 quarum
831 932 996 1005 sententia
1009 932 1046 1003 in
1054 933 1147 1005 hunc
1160 932 1306 1005 modum
1317 930 1390 1005 fuit.

290 1208 297 1219 .
335 1166 395 1229 ss.
439 1160 650 1231 “Cer-ests
685 1156 827 1233 forsitan
854 1158 892 1232 io
928 1160 1045 1249 rebus,
1085 1177 1199 1256 patres
1225 1158 1420 1259 conscripti,

254 1314 257 1321 .
288 1280 314 1331 §⁶
330 1271 437 1369 magis
453 1273 610 1368 expediat
626 1298 682 1345 me
693 1298 811 1347 coram
825 1274 1040 1371 interrogari,
1055 1291 1090 1346 et
1101 1275 1215 1347 dicere
1231 1276 1316 1373 qnid
1331 1276 1351 1347 ὲ
1366 1300 1418 1349 reo·

288 1392 315 1434 ‘⁴
332 1386 469 1483 publici
485 1410 656 1459 censeam:
681 1386 718 1459 in
746 1386 812 1461 hic
828 1387 1003 1476 relatione,
1021 1388 1175 1461 subtrahi
1190 1389 1311 1463 oculos
1325 1414 1415 1463 meos

289 1507 317 1544 “
333 1500 455 1575 melius
470 1498 547 1590 htit,
571 1526 615 1575 ne
631 1502 869 1587 denotantibus
883 1502 981 1575 vobis
997 1524 1072 1591 ora,
1093 1527 1134 1575 ac
1160 1519 1292 1575 metum
1308 1502 1418 1602 singu·

289 1621 317 1659 ‘⁶
335 1612 462 1705 lorum,
479 1616 537 1726 qui
553 1616 704 1713 pudendi
720 1615 829 1690 luxus
856 1632 1095 1715 arguerentur,
1119 1616 1191 1713 ipse
1214 1616 1317 1689 etiam
1331 1617 1422 1690 vide·

269 1776 270 1779 ι
290 1734 317 1786 ·“
333 1750 408 1801 rem
420 1754 491 1818 eos,
508 1754 548 1803 ac
559 1730 653 1803 velut
669 1730 973 1827 deprehenderem.
1025 1731 1136 1824 Qubd
1151 1730 1180 1803 si
1193 1754 1333 1803 mecum
1343 1729 1420 1802 anth

292 1848 319 1889 ‘⁶
336 1841 399 1915 viri
415 1844 556 1933 menni,
572 1844 700 1931 aediles‚
727 1844 907 1917 consilium
922 1843 1133 1919 habuissent:
1158 1844 1274 1917 nescio
1288 1868 1335 1917 an
1349 1868 1422 1917 stra·

292 1962 319 2012 ‹“
335 1980 435 2031 surus
449 1957 575 2031 fuerim
601 1958 755 2033 omittere
784 1958 901 2056 potitis
928 1957 1112 2055 praevalida
1136 1975 1170 2031 et
1197 1958 1315 2031 adulta
1334 1957 1422 2047 ritia,

293 2078 321 2119 ‘⁴
336 2070 442 2169 quint
453 2072 518 2144 hoc
535 2073 685 2169 adsequi,
700 2089 738 2145 ut
750 2073 862 2169 palam
875 2074 985 2162 fieret,
1001 2072 1125 2170 quibus
1136 2070 1269 2171 flagitiis
1279 2073 1423 2170 impares

294 2192 321 2233 “
336 2210 503 2261 essemus:
529 2190 589 2261 sed
616 2188 664 2259 illi
692 2188 832 2285 quidem
848 2186 958 2261 officio
974 2184 1084 2259 functi
1111 2202 1203 2275 sunt,
1232 2204 1270 2260 ut
1294 2204 1423 2260 ceteros

294 2306 321 2344 “
337 2300 698 2401 quoquemagistratus
710 2326 770 2375 sua
782 2299 899 2375 munia
909 2298 1186 2397 implererelirn:
1212 2300 1298 2371 mihi
1310 2317 1424 2375 autem

294 2422 320 2459 “
335 2440 448 2513 neque
464 2416 645 2489 honesturn
661 2415 772 2504 silere,
800 2439 913 2512 neque
926 2411 1087 2512 proloqui
1114 2414 1326 2511 expeditum,
1347 2414 1426 2513 quit

295 2536 323 2579 “
338 2552 410 2603 non
441 2530 561 2619 aedilis,
585 2548 643 2603 aut
670 2530 837 2625 praetoris,
861 2546 920 2603 aut
936 2528 1085 2602 consulis
1116 2544 1227 2624 partes
1259 2529 1424 2603 ststmeo:

295 2648 323 2699 t‘
339 2646 448 2741 majus
462 2642 589 2741 aliquid
604 2660 639 2717 et
655 2643 822 2719 excelsius
842 2644 864 2718 i
879 2642 1036 2741 Principe
1051 2642 1266 2741 postulatur,
1293 2658 1329 2717 et
1343 2644 1425 2717 crim

298 2764 324 2800 ‘⁸
341 2756 433 2829 recti
463 2755 654 2831 factorum²
682 2758 745 2831 sibi
774 2758 918 2857 quisque
933 2756 1076 2857 gratiam
1092 2754 1239 2846 traham,
1263 2755 1365 2830 utrius
1379 2758 1425 2829 in-

298 2879 325 2914 “
340 2868 431 2943 vidit
456 2874 499 2945 ab
527 2874 686 2947 omnibus
716 2892 887 2972 peccatur.
939 2872 1034 2967 Quid
1058 2871 1149 2943 enim
1172 2869 1328 2967 primum
1351 2895 1426 2968 pro-

300 2992 326 3031 “
343 2984 473 3075 hibere,
501 3004 535 3059 et
559 2988 706 3085 priscum
732 2990 776 3063 ad
793 3012 926 3061 morem
941 2985 1094 3060 recidere
1111 2981 1314 3083 aggrediar?
1339 2984 1427 3057 villa.

300 3106 326 3182 ‚“
342 3124 466 3173 rumne
479 3100 609 3175 infinita
635 3102 751 3199 spatia,
777 3101 981 3176 familiarum
1005 3124 1189 3173 numerum
1203 3114 1238 3171 et
1253 3098 1427 3171 nationes?

300 3214 473 3313 “argenti
501 3233 535 3289 et
560 3216 635 3290 auri
663 3216 817 3315 pondus?
841 3215 931 3305 aeris,
946 3214 1216 3310 ,tabularumque
1241 3211 1427 3287 miracula?

301 3334 327 3373 ‘⁶
304 3328 551 3429 promiscuas
563 3330 643 3405 viris
658 3349 692 3407 et
703 3331 852 3407 foeminis
863 3330 1007 3406 vestes?³
1033 3347 1134 3427 atque
1143 3328 1200 3399 :lla
1209 3325 1429 3401 foeminatum

302 3494 552 3571 ruptiisuutemet
566 3497 680 3575 repotiis
703 3472 839 3567 traditio,
893 3496 1028 3587 gustioros
1052 3492 1126 3551 intri
1160 3490 1227 3549 finos
1261 3491 1427 3584 conscripta.

304 3574 392 3652 Argi.
416 3576 455 3633 82.
478 3580 522 3633 2:
576 3576 643 3634 Esse
667 3578 748 3635 etiam
771 3541 840 3635 ‹ttctl
894 3577 950 3653 ign
951 3574 1073 3632 »minium
1097 3586 1125 3629 et
1147 3570 1332 3629 infamiam
1307 3590 1427 3630 virorum

304 3652 404 3730 Capito
418 3653 517 3712 Ateius
530 3654 657 3725 edictum,
669 3657 727 3715 ιΙιίιΙ
741 3676 774 3713 ιιι
783 3656 843 3714 Au·
895 3654 1046 3712 illustrium
1059 3663 1212 3728 poscerent.

303 3734 391 3811 gusti,
403 3752 438 3791 ιιι
453 3733 558 3792 Tiberii
571 3732 841 3807 coronamentis
934 3729 1029 3792 'cum
1041 3731 1275 3809 reriifuctorum.
1315 3729 1346 3787 Si
1362 3728 1426 3806 quid

306 3813 486 3873 commemini.-
518 3832 570 3891 quo
596 3815 687 3872 edicto
713 3834 766 3893 per
802 3814 844 3872 di·
895 3815 971 3872 recti
985 3796 1428 3885 iactu1n‚sil›iquisquagrstiam

305 3912 382 3953 erum
403 3892 498 3951 varim
525 3892 710 3951 solemnitates
735 3894 752 3951 d
786 3900 843 3950 tre·
896 3893 1027 3959 trahunt:
1047 3891 1070 3947 si
1089 3888 1157 3965 quid
1180 3887 1247 3945 sord
1271 3902 1430 3967 peecatum,

308 3974 394 4030 certis
421 3990 459 4029 ns
491 3972 530 4030 etcl
560 3992 644 4049 usquc
670 3972 724 4031 duo
744 3972 841 4037 millio,
898 3972 1031 4049 Princeps
1067 3987 1139 4026 turus
1170 3966 1278 4026 invidia
1312 3966 1429 4039 laborat,

307 4052 395 4129 Argi
424 4046 481 4109 162.
502 4058 544 4109 dt.
578 4059 681 4109 runrtur
708 4071 842 4109 currerunt
895 4052 1023 4109 omnium
1048 4048 1152 4105 delicta
1171 4046 1221 4104 uni
1243 4046 1431 4123 imputantur.

304 4139 478 4222 propagatos
512 4138 573 4198 rat,-
608 4139 639 4189 ut
679 4130 721 4188 lit
744 4132 842 4189 saltem
897 4130 951 4187 Vel
967 4124 1431 4187 utalmibttianibtesitateminhs

297 4209 406 4288 finibus
419 4209 534 4291 luxurio
547 4209 748 4287 provocato
760 4220 842 4269 estur
896 4210 1055 4277 discedsm3
1069 4206 1432 4283 rusteinctorumsibiquia·

308 4296 491 4351 coerceretur.
897 4308 953 4365 que
966 4288 1084 4364 gratiam
1100 4286 1341 4361 :minuatione
1352 4286 1431 4347 unior

900 4367 1039 4447 Principis
1056 4365 1161 4423 invidit
1173 4366 1211 4425 ab
1223 4366 1356 4425 omuibus
1370 4383 1432 4445 pec·

349 4448 431 4508 'Vel
442 4456 590 4507 retentum.
627 4446 845 4518 Quhmindcco·
899 4458 991 4505 catur.

310 4530 578 4587 rumcaadtrectare
580 4526 845 4605 ‚quaenonobtine-
939 4521 952 4557 ⁸
975 4524 1151 4584 Promisere:
1173 4524 1243 4583 sirit
1266 4531 1294 4581 et
1310 4522 1431 4617 seminis

309 4621 421 4679 rentur:
449 4608 492 4667 vel
518 4626 583 4686 qua
610 4618 724 4671 retenta,
745 4618 774 4666 ot
795 4626 845 4664 un·
899 4614 998 4667 vestes.
1031 4604 1208 4663 Femineam
1226 4603 1350 4665 vestium
1365 4604 1431 4661 insa·
