3200 5509
368 556 427 617 AD
447 554 524 615 ΗΒ.
543 554 600 617 lil.
618 540 721 615 ANN'.
738 554 777 613 C.
796 550 921 615 CORN.
940 552 1087 615 vtem.
1235 556 1295 625 m

166 708 317 795 Argutior
339 706 485 792 liyckius,
497 708 550 794 qui
571 707 732 785 exutimst,
752 705 886 791 priunum
907 704 1020 785 lunum,
1041 705 1093 793 qui
1115 705 1145 770 in
1164 704 1294 791 collegio

165 819 351 904 pontificum
363 831 493 898 vacuet,
507 818 628 883 Neroni
638 819 814 883 claretum:
836 816 919 902 quod
939 816 1009 881 cum
1022 817 1135 881 tardius
1154 816 1297 898 evertiret,

166 927 291 995 irrtedra
317 930 431 993 factum
451 952 517 995 esse
542 928 696 995 flamm
718 925 930 1009 Augustulum.
990 926 1098 1012 Lipsio
1135 928 1295 1013 uoentiort

166 1040 250 1103 soro
262 1039 364 1116 etianr,
373 1037 584 1123 pont'ficutmu
599 1060 656 1123 pro
670 1035 804 1101 duminio
817 1058 962 1120 usurpare
976 1035 1076 1121 potuit
1089 1036 1227 1103 Tacitus.

211 1146 401 1234 Aspicielut.
445 1148 666 1235 Adspicieduut
689 1144 799 1211 rectius
825 1144 982 1226 Heinsius,
1005 1146 1071 1211 vide
1096 1146 1190 1213 Misc.
1216 1147 1294 1213 Obs.

170 1280 226 1323 rx.
241 1266 316 1333 891.

212 1366 353 1434 Familio
386 1367 556 1433 videbatur.
613 1367 782 1432 Beroaldus
807 1365 917 1453 aliique
950 1378 1074 1444 veteres,
1102 1366 1299 1433 uidebuntur.'

169 1476 259 1546 Bene
271 1478 463 1557 menuores,
474 1477 646 1557 uidebatur,
656 1476 774 1542 scilicet
784 1474 937 1541 Tiberius.

217 1586 309 1655 Ultro
328 1588 476 1657 ouum.
519 1588 596 1653 MS.
610 1586 695 1653 Flos.
715 1601 748 1651 ct
769 1582 950 1665 Beroaldus,
963 1585 1060 1667 ultro,
1072 1589 1155 1673 quod
1167 1589 1303 1663 retineat,

164 1696 428 1765 incoronatus
450 1710 483 1763 et
506 1697 663 1777 Erucsuu,
682 1710 715 1763 et
738 1694 903 1780 explicant,
925 1693 1021 1773 ultro,
1043 1696 1133 1783 qrsdrr
1146 1701 1294 1785 oportuit,

164 1806 540 1896 propraeceptam
563 1806 614 1873 illi
633 1806 818 1893 spernudw
839 1818 919 1871 uret.
964 1803 1131 1891 Rhenanus
1150 1822 1181 1873 et
1203 1810 1297 1878 ceteri

166 1919 470 1997 mentioresmltro:
493 1917 649 1985 latinitati
657 1930 689 1984 et
701 1916 856 1983 senteruiae
868 1915 964 2000 magis
975 1918 1126 1983 convenit.
1170 1919 1299 1987 Dureau

164 2040 201 2094 et
223 2028 380 2108 umero
396 2028 491 2095 ultro
534 2026 588 2095 Sic
609 2026 662 2105 ille
681 2026 784 2094 vertit:
811 2025 917 2093 Tibure
937 2029 1025 2095 auoit
1051 2028 1202 2117 beaucoup
1226 2043 1296 2117 trop

164 2136 427 2225 &leviusfororl

212 2354 304 2423 Cir.
324 2364 379 2425 30.
422 2354 623 2424 Consulatum
644 2354 763 2421 iruulit.
821 2354 1003 2423 Consulatus
1029 2357 1080 2423 ille
1110 2358 1149 2425 1.
1178 2360 1297 2429 Volusii

168 2464 324 2533 seminini
343 2488 491 2552 nusqmr
514 2466 546 2531 in
567 2466 665 2531 Fastis
688 2465 896 2531 consulatibus
921 2466 1063 2531 occurrit.
1107 2468 1296 2557 Debetergt

167 2574 318 2642 Volusius
337 2576 664 2656 sullectisconmlibus,
678 2598 809 2662 quorum
828 2574 951 2661 plurimi
975 2578 1188 2663 desiderantur,
1202 2606 1296 2649 sunu-

168 2684 289 2751 rnerari.
339 2685 458 2751 Consul
479 2686 570 2751 fuisse
592 2687 708 2751 ridetur
729 2699 799 2771 post
821 2685 862 2751 A.
877 2685 918 2749 U.
934 2686 973 2753 C.
995 2697 1067 2759 750.
1112 2690 1236 2759 Etenim
1256 2698 1296 2761 ab

170 2794 344 2875 Harduiuo,
358 2795 470 2861 Seleet.
485 2796 584 2881 Opes.
598 2820 629 2881 p.
651 2804 688 2861 21
720 2808 752 2860 ct
772 2798 847 2863 624.
868 2810 899 2861 et
920 2795 1004 2861 tel.
1027 2798 1171 2881 Vaillant,
1185 2804 1294 2871 Famil.

170 2902 268 2971 Rom.
282 2904 354 2971 Vol.
371 2924 411 2971 11.
432 2928 465 2990 p.
489 2916 563 2977 575.
605 2905 857 2975 Antiochensium
881 2929 1022 2973 nummus
1044 2908 1182 2977 laudauit
1206 2922 1297 2979 unt

170 3022 499 3083 SATOPMNOT
533 3024 851 3081 OTOAOquti.
894 3016 995 3083 Cusus
1020 3020 1141 3085 enituit
1168 3022 1295 3107 preside

169 3126 267 3207 Syria
277 3124 447 3194 Saturnino
464 3124 596 3205 Volusio,
608 3147 686 3189 anno
697 3125 852 3212 trigesimo
864 3124 973 3211 quinto
987 3128 1071 3193 AErse
1085 3128 1297 3215 Antiochenaei

168 3257 241 3322 quse
267 3237 339 3301 curn
375 3240 416 3303 ub
446 3236 584 3303 Actiacis
627 3234 711 3302 aunis
738 3234 874 3319 incipiat,
895 3258 1035 3303 nummus
1062 3240 1101 3301 ad
1127 3241 1168 3303 A.
1191 3240 1233 3305 U.
1256 3242 1296 3313 C.

168 3353 246 3419 758.
279 3345 316 3411 J.
347 3346 386 3412 C.
418 3357 449 3413 5.
480 3344 584 3412 referri
621 3347 721 3410 debet.
776 3344 880 3431 Hujus
918 3345 1037 3411 Volusii
1069 3358 1218 3431 posteros,
1255 3350 1295 3425 L.

170 3452 344 3535 Volusium,
365 3469 396 3521 et
410 3456 453 3529 Q.
467 3454 640 3535 Volusium,
653 3454 820 3522 videbimus
833 3455 912 3519 iufra
920 3453 1030 3523 Annei.
1047 3476 1133 3521 xur.
1146 3466 1189 3523 30
1198 3470 1230 3523 et
1242 3468 1293 3527 25.

215 3668 305 3734 Cur.
326 3678 379 3735 31.
425 3669 501 3735 Tum
515 3690 671 3735 connato.
712 3667 892 3733 Gronovius
904 3667 1040 3756 conjicit,
1053 3674 1203 3738 connais.

216 3778 383 3845 Materiem
395 3780 548 3865 apiscendi
551 3775 688 3869 soooris.
731 3777 781 3845 Ita
795 3778 872 3843 MS.
884 3778 967 3844 Flor.
978 3779 1124 3845 editiones
1138 3794 1252 3851 veteres
1265 3796 1297 3853 et

170 3886 359 3955 Gronovius.
393 3888 507 3967 Ceteri,
519 3891 689 3956 materiam.

217 4107 308 4173 Cur.
329 4114 381 4171 32.
426 4102 631 4193 Deligmdum
647 4106 865 4193 proconsulem.
909 4106 985 4173 MS.
1011 4108 1095 4175 Flor.
1118 4108 1297 4196 Beroaldus,

169 4216 349 4281 Gronovius
368 4230 400 4281 et
420 4216 611 4299 recentiores,
627 4218 815 4303 proconsule.
857 4218 921 4283 Alii
934 4217 1065 4303 plurimi,
1081 4224 1298 4305 procoruulem.

171 4326 273 4392 Recti
285 4326 418 4415 quidem.
460 4324 498 4391 In
523 4326 625 4393 MSS.
650 4328 731 4397 enini
752 4328 865 4415 passim
880 4330 1023 4407 occurrit,
1032 4332 1223 4415 procoruule,
1242 4357 1299 4419 pro

168 4437 344 4523 proconsul,
352 4437 570 4523 proconsulem.
592 4438 714 4524 Optimi
724 4438 837 4533 quique
844 4438 984 4521 editores,
994 4443 1167 4527 proconsul,
1171 4468 1301 4530 procum

172 4544 268 4611 sulem
289 4548 443 4613 exhibent.
495 4548 604 4616 Altero
623 4548 774 4621 uribsasi
794 4550 889 4617 ruodo
913 4550 1073 4637 scriptores
1092 4556 1301 4635 obscurantur,

172 4655 438 4726 nonillustrantur.
1020 4668 1024 4677 '
