<?xml version="1.0" encoding="UTF-8"?>
<!DOCTYPE html PUBLIC "-//W3C//DTD XHTML 1.0 Transitional//EN"
    "http://www.w3.org/TR/xhtml1/DTD/xhtml1-transitional.dtd">
<html xmlns="http://www.w3.org/1999/xhtml" xml:lang="en" lang="en">
 <head>
  <title>
</title>
<meta http-equiv="Content-Type" content="text/html;charset=utf-8" />
  <meta name='ocr-system' content='tesseract 3.04.00' />
  <meta name='ocr-capabilities' content='ocr_page ocr_carea ocr_par ocr_line ocrx_word'/>
</head>
<body>
  <div class='ocr_page' id='page_1' title='image "./opera00valpgoog_0495.png"; bbox 0 0 3200 5509; ppageno 0'>
   <div class='ocr_carea' id='block_1_1' title="bbox 304 516 1140 583">
    <p class='ocr_par' dir='ltr' id='par_1_1' title="bbox 304 478 1140 583">
     <span class='ocr_line' id='line_1_1' title="bbox 304 516 1140 583; baseline -0.002 0"><span class='ocrx_word' id='word_1_1' title='bbox 304 524 367 583; x_wconf 78' lang='lat' dir='ltr'><strong>uo</strong></span> <span class='ocrx_word' id='word_1_2' title='bbox 601 516 1140 581; x_wconf 76' lang='lat' dir='ltr'><strong>nornsrnnsnnnrronss</strong></span> 
     </span>
    </p>
   </div>
   <div class='ocr_carea' id='block_1_2' title="bbox 350 666 1569 767">
    <p class='ocr_par' dir='ltr' id='par_1_2' title="bbox 350 666 1569 767">
     <span class='ocr_line' id='line_1_2' title="bbox 350 666 1569 767; baseline 0.001 -32"><span class='ocrx_word' id='word_1_3' title='bbox 350 668 509 742; x_wconf 69' lang='lat' dir='ltr'><strong>Camil·</strong></span> <span class='ocrx_word' id='word_1_4' title='bbox 551 666 648 733; x_wconf 75' lang='lat' dir='ltr'><strong>Diem</strong></span> <span class='ocrx_word' id='word_1_5' title='bbox 667 668 864 754; x_wconf 63' lang='lat' dir='ltr'><strong>prodierint.</strong></span> <span class='ocrx_word' id='word_1_6' title='bbox 907 668 1032 735; x_wconf 72' lang='lat' dir='ltr'><strong>Frustra</strong></span> <span class='ocrx_word' id='word_1_7' title='bbox 1054 682 1150 737; x_wconf 80' lang='lat' dir='ltr'><strong>tentat</strong></span> <span class='ocrx_word' id='word_1_8' title='bbox 1171 668 1339 751; x_wconf 71' lang='lat' dir='ltr'><strong>Acidaliae,</strong></span> <span class='ocrx_word' id='word_1_9' title='bbox 1354 694 1425 761; x_wconf 77' lang='lat' dir='ltr'><strong>pso·</strong></span> <span class='ocrx_word' id='word_1_10' title='bbox 1568 758 1569 767; x_wconf 8' lang='grc' dir='ltr'>ἵ</span> 
     </span>
    </p>
   </div>
   <div class='ocr_carea' id='block_1_3' title="bbox 305 775 885 865">
    <p class='ocr_par' dir='ltr' id='par_1_3' title="bbox 305 775 885 865">
     <span class='ocr_line' id='line_1_3' title="bbox 305 775 885 865; baseline -0.009 -20"><span class='ocrx_word' id='word_1_11' title='bbox 305 778 436 846; x_wconf 66' lang='lat' dir='ltr'><strong>anser</strong></span> <span class='ocrx_word' id='word_1_12' title='bbox 479 776 649 865; x_wconf 84' lang='lat' dir='ltr'><strong>Utrumque</strong></span> <span class='ocrx_word' id='word_1_13' title='bbox 661 775 752 842; x_wconf 73' lang='lat' dir='ltr'><strong>latine</strong></span> <span class='ocrx_word' id='word_1_14' title='bbox 766 777 885 841; x_wconf 82' lang='lat' dir='ltr'><strong>dicitru.</strong></span> 
     </span>
    </p>
   </div>
   <div class='ocr_carea' id='block_1_4' title="bbox 306 983 1569 1187">
    <p class='ocr_par' dir='ltr' id='par_1_4' title="bbox 306 938 1569 1187">
     <span class='ocr_line' id='line_1_4' title="bbox 348 983 1429 1057; baseline 0.002 -3"><span class='ocrx_word' id='word_1_15' title='bbox 348 988 438 1054; x_wconf 84' lang='lat' dir='ltr'><strong>Csr.</strong></span> <span class='ocrx_word' id='word_1_16' title='bbox 452 996 505 1053; x_wconf 84' lang='lat'><strong>80.</strong></span> <span class='ocrx_word' id='word_1_17' title='bbox 542 985 709 1053; x_wconf 64' lang='lat' dir='ltr'><strong>Celendnlr.</strong></span> <span class='ocrx_word' id='word_1_18' title='bbox 753 983 801 1050; x_wconf 86' lang='lat' dir='ltr'><strong>Ita</strong></span> <span class='ocrx_word' id='word_1_19' title='bbox 826 984 902 1050; x_wconf 91' lang='lat' dir='ltr'><strong>MS.</strong></span> <span class='ocrx_word' id='word_1_20' title='bbox 928 985 1012 1051; x_wconf 85' lang='lat' dir='ltr'><strong>Flor.</strong></span> <span class='ocrx_word' id='word_1_21' title='bbox 1036 987 1170 1053; x_wconf 80' lang='lat' dir='ltr'><strong>Pichem</strong></span> <span class='ocrx_word' id='word_1_22' title='bbox 1186 1003 1218 1055; x_wconf 85' lang='lat' dir='ltr'><strong>et</strong></span> <span class='ocrx_word' id='word_1_23' title='bbox 1241 992 1429 1057; x_wconf 85' lang='lat' dir='ltr'><strong>recentiores.</strong></span> 
     </span>
     <span class='ocr_line' id='line_1_5' title="bbox 306 1092 1569 1187; baseline -0.006 -24"><span class='ocrx_word' id='word_1_24' title='bbox 306 1097 486 1175; x_wconf 78' lang='lat' dir='ltr'>Beroaldus,</span> <span class='ocrx_word' id='word_1_25' title='bbox 499 1096 683 1161; x_wconf 73' lang='lat' dir='ltr'><em>Celenderis.</em></span> <span class='ocrx_word' id='word_1_26' title='bbox 715 1095 826 1159; x_wconf 78' lang='lat' dir='ltr'><strong>Graect</strong></span> <span class='ocrx_word' id='word_1_27' title='bbox 841 1092 983 1183; x_wconf 68' lang='grc' dir='ltr'><strong>Κέλινδςις</strong></span> <span class='ocrx_word' id='word_1_28' title='bbox 997 1109 1029 1159; x_wconf 87' lang='lat' dir='ltr'><strong>et</strong></span> <span class='ocrx_word' id='word_1_29' title='bbox 1043 1097 1199 1187; x_wconf 62' lang='lat' dir='ltr'><strong>aaron,</strong></span> <span class='ocrx_word' id='word_1_30' title='bbox 1212 1102 1299 1185; x_wconf 70' lang='lat' dir='ltr'><strong>aeque</strong></span> <span class='ocrx_word' id='word_1_31' title='bbox 1313 1100 1429 1164; x_wconf 83' lang='lat' dir='ltr'><strong>diciun.</strong></span> <span class='ocrx_word' id='word_1_32' title='bbox 1568 1098 1569 1155; x_wconf 64' lang='grc' dir='ltr'>ξ</span> 
     </span>
    </p>
   </div>
   <div class='ocr_carea' id='block_1_5' title="bbox 303 1294 1569 1959">
    <p class='ocr_par' dir='ltr' id='par_1_5' title="bbox 303 1294 1569 1623">
     <span class='ocr_line' id='line_1_6' title="bbox 347 1294 1569 1405; baseline 0.002 -20"><span class='ocrx_word' id='word_1_33' title='bbox 347 1320 438 1385; x_wconf 80' lang='lat' dir='ltr'><strong><em>Cer.</em></strong></span> <span class='ocrx_word' id='word_1_34' title='bbox 461 1326 514 1385; x_wconf 80' lang='lat'><strong>81.</strong></span> <span class='ocrx_word' id='word_1_35' title='bbox 557 1318 760 1405; x_wconf 80' lang='lat' dir='ltr'><strong>Adpugnare.</strong></span> <span class='ocrx_word' id='word_1_36' title='bbox 803 1314 852 1381; x_wconf 85' lang='lat' dir='ltr'><strong>Ita</strong></span> <span class='ocrx_word' id='word_1_37' title='bbox 876 1316 954 1381; x_wconf 92' lang='lat' dir='ltr'><strong>MS.</strong></span> <span class='ocrx_word' id='word_1_38' title='bbox 978 1314 1061 1383; x_wconf 86' lang='lat' dir='ltr'><strong>Flor.</strong></span> <span class='ocrx_word' id='word_1_39' title='bbox 1084 1317 1241 1385; x_wconf 86' lang='lat' dir='ltr'><strong>Editioues</strong></span> <span class='ocrx_word' id='word_1_40' title='bbox 1262 1334 1377 1387; x_wconf 84' lang='lat' dir='ltr'><strong>veteres</strong></span> <span class='ocrx_word' id='word_1_41' title='bbox 1398 1334 1430 1387; x_wconf 88' lang='lat' dir='ltr'><strong>et</strong></span> <span class='ocrx_word' id='word_1_42' title='bbox 1568 1294 1569 1323; x_wconf 24' lang='grc' dir='ltr'>ἶ</span> 
     </span>
     <span class='ocr_line' id='line_1_7' title="bbox 303 1425 1428 1513; baseline -0.003 -18"><span class='ocrx_word' id='word_1_43' title='bbox 303 1430 493 1495; x_wconf 84' lang='lat' dir='ltr'><strong>recentiores.</strong></span> <span class='ocrx_word' id='word_1_44' title='bbox 536 1426 575 1491; x_wconf 90' lang='lat' dir='ltr'><strong>In</strong></span> <span class='ocrx_word' id='word_1_45' title='bbox 601 1426 795 1505; x_wconf 76' lang='lat' dir='ltr'><strong>intermediis,</strong></span> <span class='ocrx_word' id='word_1_46' title='bbox 822 1447 1009 1513; x_wconf 77' lang='lat' dir='ltr'><strong><em>oppugnare.</em></strong></span> <span class='ocrx_word' id='word_1_47' title='bbox 1052 1425 1135 1493; x_wconf 78' lang='lat' dir='ltr'><strong>Infra</strong></span> <span class='ocrx_word' id='word_1_48' title='bbox 1159 1429 1269 1495; x_wconf 80' lang='lat' dir='ltr'><strong>Anml.</strong></span> <span class='ocrx_word' id='word_1_49' title='bbox 1299 1453 1348 1494; x_wconf 85' lang='lat' dir='ltr'><strong>rv.</strong></span> <span class='ocrx_word' id='word_1_50' title='bbox 1375 1439 1428 1495; x_wconf 85' lang='lat'><strong>48.</strong></span> 
     </span>
     <span class='ocr_line' id='line_1_8' title="bbox 306 1536 816 1623; baseline -0.01 -19"><span class='ocrx_word' id='word_1_51' title='bbox 306 1536 418 1604; x_wconf 83' lang='lat' dir='ltr'><strong>Castra</strong></span> <span class='ocrx_word' id='word_1_52' title='bbox 436 1537 580 1603; x_wconf 82' lang='lat' dir='ltr'><strong>Romano</strong></span> <span class='ocrx_word' id='word_1_53' title='bbox 594 1536 816 1623; x_wconf 78' lang='lat' dir='ltr'><strong>adpugnarent.</strong></span> 
     </span>
    </p>

    <p class='ocr_par' dir='ltr' id='par_1_6' title="bbox 304 1644 1428 1959">
     <span class='ocr_line' id='line_1_9' title="bbox 347 1644 1427 1734; baseline 0.003 -24"><span class='ocrx_word' id='word_1_54' title='bbox 347 1646 423 1711; x_wconf 86' lang='lat' dir='ltr'><strong>Peti</strong></span> <span class='ocrx_word' id='word_1_55' title='bbox 435 1667 586 1734; x_wconf 81' lang='lat' dir='ltr'><strong><em>aggerem.</em></strong></span> <span class='ocrx_word' id='word_1_56' title='bbox 628 1644 860 1723; x_wconf 76' lang='lat' dir='ltr'><strong>Freinshemius,</strong></span> <span class='ocrx_word' id='word_1_57' title='bbox 874 1666 1015 1732; x_wconf 80' lang='lat' dir='ltr'><strong><em>aggerem</em></strong></span> <span class='ocrx_word' id='word_1_58' title='bbox 1028 1644 1137 1731; x_wconf 86' lang='lat' dir='ltr'><strong>accipit</strong></span> <span class='ocrx_word' id='word_1_59' title='bbox 1147 1648 1185 1711; x_wconf 84' lang='lat' dir='ltr'><strong>de</strong></span> <span class='ocrx_word' id='word_1_60' title='bbox 1199 1646 1289 1724; x_wconf 68' lang='lat' dir='ltr'><strong>terri,</strong></span> <span class='ocrx_word' id='word_1_61' title='bbox 1303 1649 1427 1733; x_wconf 88' lang='lat' dir='ltr'><strong>cespite,</strong></span> 
     </span>
     <span class='ocr_line' id='line_1_10' title="bbox 304 1754 1428 1844; baseline -0.001 -24"><span class='ocrx_word' id='word_1_62' title='bbox 304 1756 413 1844; x_wconf 87' lang='lat' dir='ltr'><strong>quibus</strong></span> <span class='ocrx_word' id='word_1_63' title='bbox 426 1778 547 1840; x_wconf 59' lang='grc' dir='ltr'><strong>ΨΜ</strong></span> <span class='ocrx_word' id='word_1_64' title='bbox 559 1766 725 1832; x_wconf 88' lang='lat' dir='ltr'><strong>struuntur,</strong></span> <span class='ocrx_word' id='word_1_65' title='bbox 739 1755 777 1817; x_wconf 81' lang='lat' dir='ltr'><strong>sd</strong></span> <span class='ocrx_word' id='word_1_66' title='bbox 791 1756 1036 1839; x_wconf 69' lang='lat' dir='ltr'><strong>oppugnandum</strong></span> <span class='ocrx_word' id='word_1_67' title='bbox 1079 1754 1187 1819; x_wconf 75' lang='lat' dir='ltr'><strong>Verius</strong></span> <span class='ocrx_word' id='word_1_68' title='bbox 1202 1756 1348 1821; x_wconf 81' lang='lat' dir='ltr'><strong>Emesttss</strong></span> <span class='ocrx_word' id='word_1_69' title='bbox 1362 1757 1428 1819; x_wconf 85' lang='lat' dir='ltr'><strong>alii-</strong></span> 
     </span>
     <span class='ocr_line' id='line_1_11' title="bbox 304 1860 1425 1959; baseline -0.005 -28"><span class='ocrx_word' id='word_1_70' title='bbox 304 1890 363 1957; x_wconf 81' lang='lat' dir='ltr'><strong>que</strong></span> <span class='ocrx_word' id='word_1_71' title='bbox 377 1864 500 1951; x_wconf 81' lang='lat' dir='ltr'><strong>deipsis</strong></span> <span class='ocrx_word' id='word_1_72' title='bbox 510 1862 625 1929; x_wconf 75' lang='lat' dir='ltr'><strong>oestelli</strong></span> <span class='ocrx_word' id='word_1_73' title='bbox 637 1862 731 1925; x_wconf 89' lang='lat' dir='ltr'><strong>muris</strong></span> <span class='ocrx_word' id='word_1_74' title='bbox 744 1860 922 1945; x_wconf 83' lang='lat' dir='ltr'><strong>intelligunt.</strong></span> <span class='ocrx_word' id='word_1_75' title='bbox 965 1862 1018 1927; x_wconf 91' lang='lat' dir='ltr'><strong>Sic</strong></span> <span class='ocrx_word' id='word_1_76' title='bbox 1032 1862 1176 1946; x_wconf 83' lang='lat' dir='ltr'><strong>Virgilius</strong></span> <span class='ocrx_word' id='word_1_77' title='bbox 1188 1864 1310 1929; x_wconf 84' lang='lat' dir='ltr'><strong>AEneid.</strong></span> <span class='ocrx_word' id='word_1_78' title='bbox 1324 1887 1360 1959; x_wconf 61' lang='grc' dir='ltr'><strong>ξ.</strong></span> <span class='ocrx_word' id='word_1_79' title='bbox 1373 1872 1425 1929; x_wconf 74' lang='lat'><strong>23.</strong></span> 
     </span>
    </p>
   </div>
   <div class='ocr_carea' id='block_1_6' title="bbox 473 2018 1301 2225">
    <p class='ocr_par' dir='ltr' id='par_1_7' title="bbox 473 2018 1301 2225">
     <span class='ocr_line' id='line_1_12' title="bbox 475 2018 1215 2105; baseline 0 -20"><span class='ocrx_word' id='word_1_80' title='bbox 475 2020 560 2092; x_wconf 61' lang='lat' dir='ltr'><strong>Qun</strong></span> <span class='ocrx_word' id='word_1_81' title='bbox 569 2020 654 2085; x_wconf 81' lang='lat' dir='ltr'><strong>intrd</strong></span> <span class='ocrx_word' id='word_1_82' title='bbox 660 2030 771 2104; x_wconf 84' lang='lat' dir='ltr'><strong>portos</strong></span> <span class='ocrx_word' id='word_1_83' title='bbox 783 2030 874 2105; x_wconf 88' lang='lat' dir='ltr'><strong>atque</strong></span> <span class='ocrx_word' id='word_1_84' title='bbox 887 2020 957 2105; x_wconf 82' lang='lat' dir='ltr'><strong>ipris</strong></span> <span class='ocrx_word' id='word_1_85' title='bbox 966 2018 1076 2105; x_wconf 78' lang='lat' dir='ltr'><strong>prelia</strong></span> <span class='ocrx_word' id='word_1_86' title='bbox 1090 2022 1215 2085; x_wconf 86' lang='lat' dir='ltr'><strong>miscent</strong></span> 
     </span>
     <span class='ocr_line' id='line_1_13' title="bbox 473 2136 1301 2225; baseline -0.004 -21"><span class='ocrx_word' id='word_1_87' title='bbox 473 2137 648 2225; x_wconf 73' lang='lat' dir='ltr'><strong>Aggeribus</strong></span> <span class='ocrx_word' id='word_1_88' title='bbox 659 2158 824 2215; x_wconf 80' lang='lat' dir='ltr'><strong>murorum,</strong></span> <span class='ocrx_word' id='word_1_89' title='bbox 838 2147 868 2201; x_wconf 89' lang='lat' dir='ltr'><strong>et</strong></span> <span class='ocrx_word' id='word_1_90' title='bbox 880 2136 1032 2201; x_wconf 84' lang='lat' dir='ltr'><strong>inundant</strong></span> <span class='ocrx_word' id='word_1_91' title='bbox 1045 2136 1301 2225; x_wconf 82' lang='lat' dir='ltr'><strong>sangur&#39;nesosse.</strong></span> 
     </span>
    </p>
   </div>
   <div class='ocr_carea' id='block_1_7' title="bbox 302 2282 1426 2383">
    <p class='ocr_par' dir='ltr' id='par_1_8' title="bbox 302 2282 1426 2383">
     <span class='ocr_line' id='line_1_14' title="bbox 302 2282 1426 2383; baseline -0.004 -18"><span class='ocrx_word' id='word_1_92' title='bbox 302 2298 356 2365; x_wconf 77' lang='lat' dir='ltr'><strong>Ad</strong></span> <span class='ocrx_word' id='word_1_93' title='bbox 372 2298 429 2361; x_wconf 91' lang='lat' dir='ltr'><strong>lros</strong></span> <span class='ocrx_word' id='word_1_94' title='bbox 442 2319 555 2376; x_wconf 85' lang='lat' dir='ltr'><strong>versus,</strong></span> <span class='ocrx_word' id='word_1_95' title='bbox 568 2316 668 2360; x_wconf 78' lang='lat' dir='ltr'><strong>muros</strong></span> <span class='ocrx_word' id='word_1_96' title='bbox 688 2305 718 2358; x_wconf 89' lang='lat' dir='ltr'><strong>et</strong></span> <span class='ocrx_word' id='word_1_97' title='bbox 730 2282 1045 2375; x_wconf 61' lang='lat' dir='ltr'><strong>munimentum,</strong></span> <span class='ocrx_word' id='word_1_98' title='bbox 1059 2317 1200 2383; x_wconf 79' lang='lat' dir='ltr'><strong>aggerens</strong></span> <span class='ocrx_word' id='word_1_99' title='bbox 1216 2295 1275 2361; x_wconf 88' lang='lat' dir='ltr'><strong>dici</strong></span> <span class='ocrx_word' id='word_1_100' title='bbox 1289 2299 1426 2361; x_wconf 78' lang='lat' dir='ltr'><strong>observat</strong></span> 
     </span>
    </p>
   </div>
   <div class='ocr_carea' id='block_1_8' title="bbox 299 2402 782 2473">
    <p class='ocr_par' dir='ltr' id='par_1_9' title="bbox 299 2402 782 2473">
     <span class='ocr_line' id='line_1_15' title="bbox 299 2402 782 2473; baseline -0.014 1"><span class='ocrx_word' id='word_1_101' title='bbox 299 2408 425 2473; x_wconf 63' lang='lat' dir='ltr'><strong>&amp;rous</strong></span> <span class='ocrx_word' id='word_1_102' title='bbox 438 2409 477 2469; x_wconf 78' lang='lat' dir='ltr'><strong>ab</strong></span> <span class='ocrx_word' id='word_1_103' title='bbox 491 2405 622 2471; x_wconf 76' lang='lat' dir='ltr'><strong>Ernesto</strong></span> <span class='ocrx_word' id='word_1_104' title='bbox 636 2402 782 2472; x_wconf 66' lang='lat' dir='ltr'><strong>houna</strong></span> 
     </span>
    </p>
   </div>
   <div class='ocr_carea' id='block_1_9' title="bbox 221 2608 1422 3019">
    <p class='ocr_par' dir='ltr' id='par_1_10' title="bbox 221 2608 1422 2914">
     <span class='ocr_line' id='line_1_16' title="bbox 221 2608 1422 2699; baseline 0 -24"><span class='ocrx_word' id='word_1_105' title='bbox 221 2671 224 2675; x_wconf 16' lang='grc' dir='ltr'><em>Α</em></span> <span class='ocrx_word' id='word_1_106' title='bbox 345 2612 434 2677; x_wconf 76' lang='lat' dir='ltr'><strong>Car.</strong></span> <span class='ocrx_word' id='word_1_107' title='bbox 457 2620 509 2678; x_wconf 76' lang='grc'><strong>88.</strong></span> <span class='ocrx_word' id='word_1_108' title='bbox 552 2609 664 2691; x_wconf 84' lang='lat' dir='ltr'><strong><em>Dolor,</em></strong></span> <span class='ocrx_word' id='word_1_109' title='bbox 692 2613 761 2676; x_wconf 80' lang='lat' dir='ltr'><strong>ira.-</strong></span> <span class='ocrx_word' id='word_1_110' title='bbox 793 2620 823 2674; x_wconf 89' lang='lat' dir='ltr'><strong>et</strong></span> <span class='ocrx_word' id='word_1_111' title='bbox 851 2610 1056 2695; x_wconf 76' lang='lat' dir='ltr'><strong><em>erumpebant.</em></strong></span> <span class='ocrx_word' id='word_1_112' title='bbox 1102 2610 1281 2690; x_wconf 81' lang='lat' dir='ltr'><strong>Beroaldus,</strong></span> <span class='ocrx_word' id='word_1_113' title='bbox 1307 2608 1422 2699; x_wconf 68' lang='lat' dir='ltr'><strong>aelfae-</strong></span> 
     </span>
     <span class='ocr_line' id='line_1_17' title="bbox 302 2718 1420 2808; baseline -0.004 -21"><span class='ocrx_word' id='word_1_114' title='bbox 302 2722 426 2800; x_wconf 86' lang='lat' dir='ltr'><strong>bantnr,</strong></span> <span class='ocrx_word' id='word_1_115' title='bbox 437 2719 535 2799; x_wconf 88' lang='lat' dir='ltr'><strong>dolor,</strong></span> <span class='ocrx_word' id='word_1_116' title='bbox 545 2720 606 2799; x_wconf 85' lang='lat' dir='ltr'><strong>ira,</strong></span> <span class='ocrx_word' id='word_1_117' title='bbox 620 2732 649 2786; x_wconf 89' lang='lat' dir='ltr'><strong>et</strong></span> <span class='ocrx_word' id='word_1_118' title='bbox 662 2718 860 2807; x_wconf 80' lang='lat' dir='ltr'><strong><em>erumpebant</em></strong></span> <span class='ocrx_word' id='word_1_119' title='bbox 873 2730 1000 2806; x_wconf 70' lang='lat' dir='ltr'><strong>queant.</strong></span> <span class='ocrx_word' id='word_1_120' title='bbox 1045 2718 1177 2805; x_wconf 81' lang='lat' dir='ltr'><strong>Lipsius,</strong></span> <span class='ocrx_word' id='word_1_121' title='bbox 1192 2720 1420 2808; x_wconf 71' lang='lat' dir='ltr'><strong>subserebantur:</strong></span> 
     </span>
     <span class='ocr_line' id='line_1_18' title="bbox 298 2828 1290 2914; baseline -0.003 -18"><span class='ocrx_word' id='word_1_122' title='bbox 298 2831 394 2910; x_wconf 89' lang='lat' dir='ltr'><strong>dolor,</strong></span> <span class='ocrx_word' id='word_1_123' title='bbox 408 2834 467 2895; x_wconf 78' lang='lat' dir='ltr'><strong>dte.</strong></span> <span class='ocrx_word' id='word_1_124' title='bbox 511 2828 627 2902; x_wconf 81' lang='lat' dir='ltr'><strong>Melitls</strong></span> <span class='ocrx_word' id='word_1_125' title='bbox 641 2828 773 2894; x_wconf 81' lang='lat' dir='ltr'><strong>distinxit</strong></span> <span class='ocrx_word' id='word_1_126' title='bbox 788 2828 943 2907; x_wconf 87' lang='lat' dir='ltr'><strong>Ernestus,</strong></span> <span class='ocrx_word' id='word_1_127' title='bbox 958 2852 1049 2914; x_wconf 87' lang='lat' dir='ltr'><strong>quem</strong></span> <span class='ocrx_word' id='word_1_128' title='bbox 1068 2850 1171 2893; x_wconf 86' lang='lat' dir='ltr'><strong>sumus</strong></span> <span class='ocrx_word' id='word_1_129' title='bbox 1185 2830 1290 2894; x_wconf 85' lang='lat' dir='ltr'><strong>secuti.</strong></span> 
     </span>
    </p>

    <p class='ocr_par' dir='ltr' id='par_1_11' title="bbox 345 2937 1358 3019">
     <span class='ocr_line' id='line_1_19' title="bbox 345 2937 1358 3019; baseline -0.002 -14"><span class='ocrx_word' id='word_1_130' title='bbox 345 2940 388 3005; x_wconf 87' lang='lat' dir='ltr'><strong>In</strong></span> <span class='ocrx_word' id='word_1_131' title='bbox 402 2950 549 3005; x_wconf 76' lang='lat' dir='ltr'><strong>extremus</strong></span> <span class='ocrx_word' id='word_1_132' title='bbox 562 2949 670 3004; x_wconf 85' lang='lat' dir='ltr'><strong>terror.</strong></span> <span class='ocrx_word' id='word_1_133' title='bbox 713 2937 905 3005; x_wconf 80' lang='lat' dir='ltr'><strong>Boxlrorniru</strong></span> <span class='ocrx_word' id='word_1_134' title='bbox 919 2940 1028 3003; x_wconf 78' lang='lat' dir='ltr'><strong>frustra</strong></span> <span class='ocrx_word' id='word_1_135' title='bbox 1041 2952 1144 3019; x_wconf 61' lang='lat' dir='ltr'><strong>tonat,</strong></span> <span class='ocrx_word' id='word_1_136' title='bbox 1159 2940 1192 3003; x_wconf 87' lang='lat' dir='ltr'><strong>in</strong></span> <span class='ocrx_word' id='word_1_137' title='bbox 1213 2951 1358 3005; x_wconf 70' lang='lat' dir='ltr'><strong>memus.</strong></span> 
     </span>
    </p>
   </div>
   <div class='ocr_carea' id='block_1_10' title="bbox 290 3150 1419 4667">
    <p class='ocr_par' dir='ltr' id='par_1_12' title="bbox 298 3150 1419 3681">
     <span class='ocr_line' id='line_1_20' title="bbox 343 3150 1419 3241; baseline 0.001 -23"><span class='ocrx_word' id='word_1_138' title='bbox 343 3150 432 3233; x_wconf 67' lang='lat' dir='ltr'><strong>cns.</strong></span> <span class='ocrx_word' id='word_1_139' title='bbox 447 3163 498 3220; x_wconf 83' lang='grc'><strong>83.</strong></span> <span class='ocrx_word' id='word_1_140' title='bbox 537 3152 579 3218; x_wconf 84' lang='lat' dir='ltr'><strong>In</strong></span> <span class='ocrx_word' id='word_1_141' title='bbox 593 3154 675 3241; x_wconf 87' lang='lat' dir='ltr'><strong>queis</strong></span> <span class='ocrx_word' id='word_1_142' title='bbox 688 3152 866 3219; x_wconf 79' lang='lat' dir='ltr'><strong>colerentur.</strong></span> <span class='ocrx_word' id='word_1_143' title='bbox 909 3152 957 3218; x_wconf 84' lang='lat' dir='ltr'><strong>Ita</strong></span> <span class='ocrx_word' id='word_1_144' title='bbox 971 3152 1047 3217; x_wconf 89' lang='lat' dir='ltr'><strong>MS.</strong></span> <span class='ocrx_word' id='word_1_145' title='bbox 1062 3152 1228 3219; x_wconf 86' lang='lat' dir='ltr'><strong>Flor.Jac.</strong></span> <span class='ocrx_word' id='word_1_146' title='bbox 1249 3152 1419 3219; x_wconf 81' lang='lat' dir='ltr'><strong>Gronovius</strong></span> 
     </span>
     <span class='ocr_line' id='line_1_21' title="bbox 299 3260 1418 3345; baseline -0.002 -16"><span class='ocrx_word' id='word_1_147' title='bbox 299 3278 331 3330; x_wconf 90' lang='lat' dir='ltr'><strong>et</strong></span> <span class='ocrx_word' id='word_1_148' title='bbox 358 3264 513 3329; x_wconf 85' lang='lat' dir='ltr'><strong>Ernestus.</strong></span> <span class='ocrx_word' id='word_1_149' title='bbox 557 3264 629 3329; x_wconf 83' lang='lat' dir='ltr'><strong>Sine</strong></span> <span class='ocrx_word' id='word_1_150' title='bbox 653 3263 827 3329; x_wconf 79' lang='lat' dir='ltr'><strong>auctoritate</strong></span> <span class='ocrx_word' id='word_1_151' title='bbox 850 3285 885 3325; x_wconf 86' lang='lat' dir='ltr'><strong>sc</strong></span> <span class='ocrx_word' id='word_1_152' title='bbox 909 3264 1082 3327; x_wconf 81' lang='lat' dir='ltr'><strong>necessitate</strong></span> <span class='ocrx_word' id='word_1_153' title='bbox 1103 3262 1123 3327; x_wconf 82' lang='lat' dir='ltr'><strong>d</strong></span> <span class='ocrx_word' id='word_1_154' title='bbox 1149 3260 1418 3345; x_wconf 71' lang='lat' dir='ltr'><strong>Beroaldo.·emen-</strong></span> 
     </span>
     <span class='ocr_line' id='line_1_22' title="bbox 298 3370 1417 3460; baseline -0.004 -21"><span class='ocrx_word' id='word_1_155' title='bbox 298 3376 412 3452; x_wconf 79' lang='lat' dir='ltr'><strong>damin,</strong></span> <span class='ocrx_word' id='word_1_156' title='bbox 434 3375 467 3437; x_wconf 88' lang='lat' dir='ltr'><strong>in</strong></span> <span class='ocrx_word' id='word_1_157' title='bbox 488 3373 571 3460; x_wconf 84' lang='lat' dir='ltr'><strong>queis</strong></span> <span class='ocrx_word' id='word_1_158' title='bbox 593 3373 746 3437; x_wconf 84' lang='lat' dir='ltr'><strong><em>coleretur.</em></strong></span> <span class='ocrx_word' id='word_1_159' title='bbox 791 3370 966 3437; x_wconf 86' lang='lat' dir='ltr'><strong>Germanici</strong></span> <span class='ocrx_word' id='word_1_160' title='bbox 987 3384 1091 3437; x_wconf 75' lang='lat' dir='ltr'><strong>statua</strong></span> <span class='ocrx_word' id='word_1_161' title='bbox 1105 3372 1300 3438; x_wconf 78' lang='lat' dir='ltr'><strong>colebantur:</strong></span> <span class='ocrx_word' id='word_1_162' title='bbox 1323 3373 1364 3437; x_wconf 89' lang='lat' dir='ltr'><strong>sic</strong></span> <span class='ocrx_word' id='word_1_163' title='bbox 1383 3374 1417 3435; x_wconf 82' lang='lat' dir='ltr'><strong><em>de</em></strong></span> 
     </span>
     <span class='ocr_line' id='line_1_23' title="bbox 299 3478 1418 3575; baseline -0.002 -28"><span class='ocrx_word' id='word_1_164' title='bbox 299 3484 409 3575; x_wconf 72' lang='lat' dir='ltr'><strong>Sejano</strong></span> <span class='ocrx_word' id='word_1_165' title='bbox 423 3483 537 3548; x_wconf 77' lang='lat' dir='ltr'><strong>dicetisr</strong></span> <span class='ocrx_word' id='word_1_166' title='bbox 550 3482 626 3547; x_wconf 81' lang='lat' dir='ltr'><strong>infra</strong></span> <span class='ocrx_word' id='word_1_167' title='bbox 638 3481 749 3547; x_wconf 84' lang='lat' dir='ltr'><strong>Annal.</strong></span> <span class='ocrx_word' id='word_1_168' title='bbox 765 3502 812 3545; x_wconf 87' lang='lat' dir='ltr'><strong>rv.</strong></span> <span class='ocrx_word' id='word_1_169' title='bbox 826 3490 857 3547; x_wconf 70' lang='lat'><strong>2.</strong></span> <span class='ocrx_word' id='word_1_170' title='bbox 881 3478 941 3545; x_wconf 81' lang='lat' dir='ltr'><strong>soli</strong></span> <span class='ocrx_word' id='word_1_171' title='bbox 955 3504 1014 3567; x_wconf 90' lang='lat' dir='ltr'><strong>per</strong></span> <span class='ocrx_word' id='word_1_172' title='bbox 1034 3480 1154 3547; x_wconf 72' lang='lat' dir='ltr'><strong>theatra</strong></span> <span class='ocrx_word' id='word_1_173' title='bbox 1176 3493 1206 3545; x_wconf 91' lang='lat' dir='ltr'><strong>et</strong></span> <span class='ocrx_word' id='word_1_174' title='bbox 1217 3480 1298 3569; x_wconf 86' lang='lat' dir='ltr'><strong>fora</strong></span> <span class='ocrx_word' id='word_1_175' title='bbox 1313 3480 1418 3569; x_wconf 74' lang='lat' dir='ltr'><strong>effigies</strong></span> 
     </span>
     <span class='ocr_line' id='line_1_24' title="bbox 298 3590 1155 3681; baseline 0 -26"><span class='ocrx_word' id='word_1_176' title='bbox 298 3593 362 3681; x_wconf 73' lang='lat' dir='ltr'><strong>q&#39;us</strong></span> <span class='ocrx_word' id='word_1_177' title='bbox 374 3591 512 3678; x_wconf 86' lang='lat' dir='ltr'><strong>interque</strong></span> <span class='ocrx_word' id='word_1_178' title='bbox 518 3590 678 3677; x_wconf 85' lang='lat' dir='ltr'><strong>principia</strong></span> <span class='ocrx_word' id='word_1_179' title='bbox 692 3590 842 3679; x_wconf 78' lang='lat' dir='ltr'><strong>legionum</strong></span> <span class='ocrx_word' id='word_1_180' title='bbox 856 3591 991 3675; x_wconf 89' lang='lat' dir='ltr'><strong>permisit</strong></span> <span class='ocrx_word' id='word_1_181' title='bbox 1003 3590 1155 3657; x_wconf 89' lang='lat' dir='ltr'><strong>Tiberius.</strong></span> 
     </span>
    </p>

    <p class='ocr_par' dir='ltr' id='par_1_13' title="bbox 290 3698 1419 4667">
     <span class='ocr_line' id='line_1_25' title="bbox 342 3698 1417 3788; baseline -0.002 -21"><span class='ocrx_word' id='word_1_182' title='bbox 342 3699 422 3767; x_wconf 79' lang='lat' dir='ltr'><strong>Cbrn</strong></span> <span class='ocrx_word' id='word_1_183' title='bbox 436 3711 600 3766; x_wconf 78' lang='lat' dir='ltr'><strong>cerumtnr</strong></span> <span class='ocrx_word' id='word_1_184' title='bbox 613 3700 739 3788; x_wconf 71' lang='lat' dir='ltr'><strong>clypeus.</strong></span> <span class='ocrx_word' id='word_1_185' title='bbox 782 3700 847 3765; x_wconf 90' lang='lat' dir='ltr'><strong>Cur</strong></span> <span class='ocrx_word' id='word_1_186' title='bbox 870 3699 1010 3783; x_wconf 75' lang='lat' dir='ltr'><strong>inagines</strong></span> <span class='ocrx_word' id='word_1_187' title='bbox 1030 3700 1089 3765; x_wconf 79' lang='lat' dir='ltr'><strong>illie</strong></span> <span class='ocrx_word' id='word_1_188' title='bbox 1110 3699 1298 3787; x_wconf 83' lang='lat' dir='ltr'><strong>appellentur</strong></span> <span class='ocrx_word' id='word_1_189' title='bbox 1312 3698 1417 3785; x_wconf 81' lang='lat' dir='ltr'><strong>clypei</strong></span> 
     </span>
     <span class='ocr_line' id='line_1_26' title="bbox 298 3808 1419 3897; baseline -0.004 -21"><span class='ocrx_word' id='word_1_190' title='bbox 298 3814 388 3879; x_wconf 84' lang='lat' dir='ltr'><strong>docet</strong></span> <span class='ocrx_word' id='word_1_191' title='bbox 408 3810 537 3888; x_wconf 87' lang='lat' dir='ltr'><strong>Plinius,</strong></span> <span class='ocrx_word' id='word_1_192' title='bbox 565 3832 681 3875; x_wconf 84' lang='lat' dir='ltr'>xxxv.</span> <span class='ocrx_word' id='word_1_193' title='bbox 704 3819 735 3874; x_wconf 89' lang='grc'><strong>8.</strong></span> <span class='ocrx_word' id='word_1_194' title='bbox 758 3808 891 3889; x_wconf 82' lang='lat' dir='ltr'><strong>Scilicet,</strong></span> <span class='ocrx_word' id='word_1_195' title='bbox 911 3810 1014 3888; x_wconf 68' lang='lat' dir='ltr'><strong>sautu,</strong></span> <span class='ocrx_word' id='word_1_196' title='bbox 1039 3810 1172 3897; x_wconf 77' lang='lat' dir='ltr'><strong>qualiter</strong></span> <span class='ocrx_word' id='word_1_197' title='bbox 1190 3809 1275 3897; x_wconf 85' lang='lat' dir='ltr'><strong>apud</strong></span> <span class='ocrx_word' id='word_1_198' title='bbox 1298 3808 1419 3897; x_wconf 65' lang='lat' dir='ltr'><strong>Trnjorn</strong></span> 
     </span>
     <span class='ocr_line' id='line_1_27' title="bbox 290 3918 1419 4009; baseline -0.002 -24"><span class='ocrx_word' id='word_1_199' title='bbox 290 3931 475 4009; x_wconf 69' lang='lat' dir='ltr'><strong>pergratum,</strong></span> <span class='ocrx_word' id='word_1_200' title='bbox 488 3919 720 3985; x_wconf 87' lang='lat' dir='ltr'><strong>continebantur</strong></span> <span class='ocrx_word' id='word_1_201' title='bbox 733 3918 892 4007; x_wconf 79' lang='lat' dir='ltr'><strong>imagines,</strong></span> <span class='ocrx_word' id='word_1_202' title='bbox 911 3918 988 4009; x_wconf 82' lang='lat' dir='ltr'><strong>unde</strong></span> <span class='ocrx_word' id='word_1_203' title='bbox 1001 3928 1030 3983; x_wconf 88' lang='lat' dir='ltr'><strong>et</strong></span> <span class='ocrx_word' id='word_1_204' title='bbox 1044 3941 1150 3985; x_wconf 83' lang='lat' dir='ltr'><strong>rtomen</strong></span> <span class='ocrx_word' id='word_1_205' title='bbox 1163 3918 1295 3983; x_wconf 84' lang='lat' dir='ltr'><strong><em>babuere</em></strong></span> <span class='ocrx_word' id='word_1_206' title='bbox 1311 3918 1419 4008; x_wconf 64' lang='lat' dir='ltr'><strong>Clqpe-</strong></span> 
     </span>
     <span class='ocr_line' id='line_1_28' title="bbox 299 4026 1419 4115; baseline 0 -22"><span class='ocrx_word' id='word_1_207' title='bbox 299 4051 405 4095; x_wconf 87' lang='lat' dir='ltr'><strong>orum:</strong></span> <span class='ocrx_word' id='word_1_208' title='bbox 440 4053 511 4107; x_wconf 88' lang='lat' dir='ltr'><strong>non,</strong></span> <span class='ocrx_word' id='word_1_209' title='bbox 543 4040 578 4093; x_wconf 85' lang='lat' dir='ltr'><strong>ut</strong></span> <span class='ocrx_word' id='word_1_210' title='bbox 611 4050 751 4114; x_wconf 66' lang='lat' dir='ltr'><strong>per-vern</strong></span> <span class='ocrx_word' id='word_1_211' title='bbox 782 4029 1055 4115; x_wconf 82' lang='lat' dir='ltr'><strong>grammaticorum</strong></span> <span class='ocrx_word' id='word_1_212' title='bbox 1081 4026 1235 4093; x_wconf 78' lang='lat' dir='ltr'><strong>subtilitas</strong></span> <span class='ocrx_word' id='word_1_213' title='bbox 1267 4028 1419 4108; x_wconf 79' lang='lat' dir='ltr'><strong>voluit‚d</strong></span> 
     </span>
     <span class='ocr_line' id='line_1_29' title="bbox 297 4122 1417 4225; baseline -0.002 -22"><span class='ocrx_word' id='word_1_214' title='bbox 297 4136 433 4204; x_wconf 85' lang='lat' dir='ltr'><strong>eluendo.</strong></span> <span class='ocrx_word' id='word_1_215' title='bbox 484 4137 580 4225; x_wconf 83' lang='lat' dir='ltr'><strong>Origo</strong></span> <span class='ocrx_word' id='word_1_216' title='bbox 600 4122 693 4225; x_wconf 82' lang='lat' dir='ltr'><strong>plina</strong></span> <span class='ocrx_word' id='word_1_217' title='bbox 714 4137 847 4215; x_wconf 82' lang='lat' dir='ltr'><strong>virtutis,</strong></span> <span class='ocrx_word' id='word_1_218' title='bbox 858 4136 980 4225; x_wconf 85' lang='lat' dir='ltr'><strong>faciem</strong></span> <span class='ocrx_word' id='word_1_219' title='bbox 1001 4136 1088 4201; x_wconf 84' lang='lat' dir='ltr'><strong>reddi</strong></span> <span class='ocrx_word' id='word_1_220' title='bbox 1105 4137 1140 4201; x_wconf 86' lang='lat' dir='ltr'><strong>in</strong></span> <span class='ocrx_word' id='word_1_221' title='bbox 1162 4148 1246 4202; x_wconf 86' lang='lat' dir='ltr'><strong>scuto</strong></span> <span class='ocrx_word' id='word_1_222' title='bbox 1271 4140 1417 4225; x_wconf 73' lang='lat' dir='ltr'><strong>aq&#39;usque,</strong></span> 
     </span>
     <span class='ocr_line' id='line_1_30' title="bbox 297 4242 1417 4335; baseline -0.004 -24"><span class='ocrx_word' id='word_1_223' title='bbox 297 4248 351 4335; x_wconf 88' lang='lat' dir='ltr'><strong>qui</strong></span> <span class='ocrx_word' id='word_1_224' title='bbox 359 4245 466 4334; x_wconf 86' lang='lat' dir='ltr'><strong>fuerit</strong></span> <span class='ocrx_word' id='word_1_225' title='bbox 478 4270 547 4313; x_wconf 78' lang='lat' dir='ltr'><strong>urus</strong></span> <span class='ocrx_word' id='word_1_226' title='bbox 567 4246 633 4313; x_wconf 89' lang='lat' dir='ltr'><strong>illo.</strong></span> <span class='ocrx_word' id='word_1_227' title='bbox 675 4245 799 4332; x_wconf 88' lang='lat' dir='ltr'><strong>Appius</strong></span> <span class='ocrx_word' id='word_1_228' title='bbox 815 4242 970 4325; x_wconf 87' lang='lat' dir='ltr'><strong>Claudius,</strong></span> <span class='ocrx_word' id='word_1_229' title='bbox 992 4247 1044 4333; x_wconf 89' lang='lat' dir='ltr'><strong>qui</strong></span> <span class='ocrx_word' id='word_1_230' title='bbox 1065 4244 1170 4311; x_wconf 92' lang='lat' dir='ltr'><strong>consul</strong></span> <span class='ocrx_word' id='word_1_231' title='bbox 1189 4244 1246 4311; x_wconf 85' lang='lat' dir='ltr'><strong>fuit</strong></span> <span class='ocrx_word' id='word_1_232' title='bbox 1266 4248 1308 4311; x_wconf 89' lang='lat' dir='ltr'><strong>A.</strong></span> <span class='ocrx_word' id='word_1_233' title='bbox 1323 4244 1366 4311; x_wconf 92' lang='lat' dir='ltr'><strong>U.</strong></span> <span class='ocrx_word' id='word_1_234' title='bbox 1381 4244 1417 4309; x_wconf 86' lang='lat' dir='ltr'><strong>C.</strong></span> 
     </span>
     <span class='ocr_line' id='line_1_31' title="bbox 296 4354 1419 4446; baseline -0.002 -25"><span class='ocrx_word' id='word_1_235' title='bbox 296 4364 372 4435; x_wconf 69' lang='lat'><strong><em>259.</em></strong></span> <span class='ocrx_word' id='word_1_236' title='bbox 385 4377 506 4422; x_wconf 81' lang='lat' dir='ltr'><strong>suorum</strong></span> <span class='ocrx_word' id='word_1_237' title='bbox 531 4354 658 4446; x_wconf 73' lang='lat' dir='ltr'><strong>Clypeor</strong></span> <span class='ocrx_word' id='word_1_238' title='bbox 671 4357 705 4420; x_wconf 85' lang='lat' dir='ltr'><strong>in</strong></span> <span class='ocrx_word' id='word_1_239' title='bbox 722 4378 808 4422; x_wconf 82' lang='lat' dir='ltr'><strong>sacro</strong></span> <span class='ocrx_word' id='word_1_240' title='bbox 822 4354 871 4421; x_wconf 88' lang='lat' dir='ltr'><strong>vel</strong></span> <span class='ocrx_word' id='word_1_241' title='bbox 885 4354 1008 4441; x_wconf 84' lang='lat' dir='ltr'><strong>publico</strong></span> <span class='ocrx_word' id='word_1_242' title='bbox 1023 4357 1173 4442; x_wconf 79' lang='lat' dir='ltr'><strong>privatim</strong></span> <span class='ocrx_word' id='word_1_243' title='bbox 1186 4356 1289 4421; x_wconf 85' lang='lat' dir='ltr'><strong>dicare</strong></span> <span class='ocrx_word' id='word_1_244' title='bbox 1301 4356 1419 4443; x_wconf 76' lang='lat' dir='ltr'><strong>primia</strong></span> 
     </span>
     <span class='ocr_line' id='line_1_32' title="bbox 296 4462 1419 4552; baseline -0.002 -21"><span class='ocrx_word' id='word_1_245' title='bbox 296 4466 439 4531; x_wconf 83' lang='lat' dir='ltr'><strong>instituit.</strong></span> <span class='ocrx_word' id='word_1_246' title='bbox 463 4513 471 4529; x_wconf 95' lang='lat'><strong><em>.</em></strong></span> <span class='ocrx_word' id='word_1_247' title='bbox 495 4513 504 4529; x_wconf 95' lang='lat'><strong><em>.</em></strong></span> <span class='ocrx_word' id='word_1_248' title='bbox 519 4464 630 4531; x_wconf 82' lang='lat' dir='ltr'><strong>Posuit</strong></span> <span class='ocrx_word' id='word_1_249' title='bbox 643 4468 722 4532; x_wconf 88' lang='lat' dir='ltr'><strong>enirn</strong></span> <span class='ocrx_word' id='word_1_250' title='bbox 735 4465 770 4529; x_wconf 88' lang='lat' dir='ltr'><strong>in</strong></span> <span class='ocrx_word' id='word_1_251' title='bbox 785 4462 924 4531; x_wconf 81' lang='lat' dir='ltr'><strong>Bellone</strong></span> <span class='ocrx_word' id='word_1_252' title='bbox 937 4464 997 4531; x_wconf 82' lang='lat' dir='ltr'><strong>ede</strong></span> <span class='ocrx_word' id='word_1_253' title='bbox 1010 4468 1139 4552; x_wconf 86' lang='lat' dir='ltr'><strong>majores</strong></span> <span class='ocrx_word' id='word_1_254' title='bbox 1156 4488 1234 4544; x_wconf 83' lang='lat' dir='ltr'><strong>suos,</strong></span> <span class='ocrx_word' id='word_1_255' title='bbox 1243 4464 1419 4552; x_wconf 68' lang='lat' dir='ltr'><strong>placuitque</strong></span> 
     </span>
     <span class='ocr_line' id='line_1_33' title="bbox 295 4562 1417 4667; baseline -0.007 -23"><span class='ocrx_word' id='word_1_256' title='bbox 295 4575 332 4644; x_wconf 77' lang='lat' dir='ltr'><strong>in</strong></span> <span class='ocrx_word' id='word_1_257' title='bbox 344 4574 455 4645; x_wconf 66' lang='lat' dir='ltr'><strong>aribo</strong></span> <span class='ocrx_word' id='word_1_258' title='bbox 466 4576 607 4665; x_wconf 81' lang='lat' dir='ltr'><strong>spectari,</strong></span> <span class='ocrx_word' id='word_1_259' title='bbox 617 4587 646 4643; x_wconf 88' lang='lat' dir='ltr'><strong>et</strong></span> <span class='ocrx_word' id='word_1_260' title='bbox 656 4574 764 4645; x_wconf 79' lang='lat' dir='ltr'><strong>titolo</strong></span> <span class='ocrx_word' id='word_1_261' title='bbox 774 4574 921 4650; x_wconf 81' lang='lat' dir='ltr'><strong>bonorum</strong></span> <span class='ocrx_word' id='word_1_262' title='bbox 934 4575 996 4667; x_wconf 80' lang='lat' dir='ltr'><strong>legi</strong></span> <span class='ocrx_word' id='word_1_263' title='bbox 1011 4622 1020 4643; x_wconf 96' lang='lat'><strong><em>.</em></strong></span> <span class='ocrx_word' id='word_1_264' title='bbox 1035 4623 1044 4643; x_wconf 93' lang='lat'><strong><em>.</em></strong></span> <span class='ocrx_word' id='word_1_265' title='bbox 1059 4622 1067 4643; x_wconf 90' lang='lat'><strong><em>.</em></strong></span> <span class='ocrx_word' id='word_1_266' title='bbox 1081 4562 1184 4666; x_wconf 81' lang='lat' dir='ltr'><strong>qialer</strong></span> <span class='ocrx_word' id='word_1_267' title='bbox 1196 4572 1323 4665; x_wconf 77' lang='lat' dir='ltr'><strong>Clypeos</strong></span> <span class='ocrx_word' id='word_1_268' title='bbox 1336 4594 1417 4644; x_wconf 78' lang='lat' dir='ltr'><strong>nens</strong></span> 
     </span>
    </p>
   </div>
   <div class='ocr_carea' id='block_1_11' title="bbox 0 0 1605 5509">
    <p class='ocr_par' dir='ltr' id='par_1_14' title="bbox 0 0 1605 5509">
     <span class='ocr_line' id='line_1_34' title="bbox 0 0 1605 5509; baseline 0 3"><span class='ocrx_word' id='word_1_269' title='bbox 0 0 1605 5509; x_wconf 95' lang='lat' dir='ltr'><strong> </strong></span> 
     </span>
    </p>
   </div>
  </div>
 </body>
</html>
