3200 5509
184 529 321 595 torn
449 522 674 589 nouitium
695 524 816 587 tisun
837 522 1061 590 sncunnun
1210 516 1319 593 'tu

193 680 200 693 ’
232 700 294 763 88.
319 690 560 762 lucentem
575 683 714 757 senotbs
729 682 985 757 incitamentum
1007 682 1148 757 ‘liberio
1163 676 1241 774 luit,
1253 708 1324 783 quo

111 812 130 840 ⁵
184 800 359 902 promtius
373 800 619 887 momentu,
634 797 688 871 his
698 792 809 871 fenne
822 796 935 871 verbis
947 822 1044 871 usus:
1063 807 1089 843 ‘⁶
1103 799 1141 872 Si
1158 818 1323 898 quantum

185 925 213 982 ,ᾳ
228 936 422 1015 pauperum
437 929 501 1045 est,
526 914 642 1043 venire
656 913 739 1000 huc,
754 929 789 985 et
818 908 1015 1097 liber‘mspis
1031 931 1145 1010 petere
1166 916 1325 1101 pecntpiae

187 1026 593 1217 diffini&
608 1032 1325 1241 mimmii...

186 1266 215 1306 ‘⁴
228 1257 415 1354 aliqtmndb
441 1256 668 1344 relationem,¹
698 1272 732 1327 et
760 1256 855 1351 quod
881 1254 916 1326 in
945 1278 1130 1329 commune
1156 1260 1325 1333 condunt

185 1379 212 1416 “
229 1373 307 1446 loco
323 1371 500 1445 sentetrriae
524 1369 693 1466 proferre,
709 1387 749 1442 ut
764 1370 892 1466 privata
913 1370 1060 1468 negotia,
1077 1394 1131 1443 res
1146 1366 1326 1445 santiliaroe

186 1494 214 1531 “
229 1502 363 1559 nostras
376 1484 436 1558 bic
450 1508 647 1583 augeamus,
666 1504 748 1556 cum
772 1484 898 1556 insidii
912 1486 1050 1557 senatus
1070 1501 1105 1557 ct
1120 1486 1325 1583 principum,

187 1608 216 1645 ‘⁶
230 1600 302 1674 sive
314 1598 541 1673 indulserint²
565 1598 792 1697 largitionem,
807 1596 878 1671 sire
897 1599 1085 1671 abnuerint.
1135 1602 1218 1673 Non
1232 1602 1325 1673 enim

187 1721 216 1760 ‘⁴
229 1737 349 1810 preces
364 1731 444 1787 sunt
457 1713 557 1802 ntus,
572 1714 635 1785 sed
653 1710 845 1811 efflagitatio
871 1712 1103 1809 intempestiva
1125 1712 1266 1810 quidem
1289 1732 1326 1789 et

186 1836 213 1871 ‘⁴
228 1828 427 1925 improvisa,
438 1829 526 1901 etim
540 1828 613 1901 aliis
628 1829 674 1900 de
687 1830 792 1901 rebus
810 1828 1031 1900 convenerint
1046 1844 1170 1924 patres,
1185 1850 1327 1903 consur·

187 1946 213 1985 “
229 1947 338 2041 gere,³
354 1960 389 2017 et
401 1966 550 2016 numero
562 1961 664 2040 atque
678 1958 779 2016 aetate
794 1936 946 2015 liberum
958 1960 1100 2014 suorum
1113 1962 1237 2042 tergere
1252 1966 1328 2019 rno-

188 2063 213 2106 “
229 2056 372 2129 dentiam
387 2055 539 2145 emtus,
551 2058 708 2130 medem
718 2056 789 2129 vim
803 2056 840 2128 in
856 2076 913 2128 nte
928 2056 1166 2147 transmittere,
1182 2082 1221 2132 ac
1233 2061 1328 2133 velut

187 2169 443 2268 “perfringere
464 2172 644 2245 aerarinm
670 2171 766 2268 quod
793 2169 821 2241 si
849 2169 1030 2243 ambitione
1059 2172 1327 2263 erbeusetimue,

187 2292 214 2329 “
229 2308 294 2380 per
308 2286 437 2357 scelera
463 2282 695 2382 supplendum
709 2285 785 2357 etit.
835 2284 941 2357 Dedit
965 2284 1037 2373 tibi,
1056 2281 1213 2375 Honore,
1227 2289 1329 2362 divus

189 2406 216 2445 ‘⁴
233 2402 415 2496 Augustus
429 2399 622 2494 pecuniam
637 2400 699 2471 sed
712 2421 785 2471 non
798 2399 1035 2495 compellatus,
1064 2422 1126 2473 nec
1143 2400 1185 2473 ei
1201 2402 1277 2499 lege
1289 2420 1327 2474 ut

188 2520 369 2609 “semper
391 2512 555 2585 dareta:
582 2513 776 2610 languescet
789 2512 916 2609 alioqui
931 2513 1107 2603 industrie,
1136 2516 1329 2589 intendetur

187 2634 215 2671 “
230 2625 399 2714 socordia,
416 2626 444 2698 si
460 2626 577 2699 nullus
592 2652 638 2699 ex
653 2650 690 2699 se
706 2642 831 2714 metus,
846 2642 905 2699 aut
919 2648 1019 2723 spes;
1038 2646 1071 2701 et
1082 2632 1193 2703 securi
1209 2654 1328 2705 omnes

188 2746 214 2785 “
230 2740 340 2813 aliena
366 2740 514 2813 subsidia
541 2744 784 2838 expectabunt,
807 2740 870 2813 sibi
898 2742 1023 2839 ignavi,
1047 2746 1145 2817 nobis
1168 2748 1328 2844 gmres.”

187 2856 276 2927 Haec
292 2871 394 2951 atque
419 2855 510 2944 talia,
539 2880 747 2954 quamquam
775 2880 856 2929 cum
884 2856 1029 2930 adsensu
1053 2860 1165 2931 audita
1192 2863 1234 2933 ab
1263 2860 1328 2951 his,

187 2960 313 3067 quibus
338 2970 453 3043 omnia
481 2970 674 3069 principum
701 2974 972 3071 honestamque
1000 2973 1176 3049 inhonesta
1192 2977 1328 3051 laudare

189 3108 265 3157 mos
280 3100 344 3174 est,
359 3084 475 3181 plures
491 3110 553 3183 per
575 3086 746 3161 silentium
762 3106 820 3161 aut
846 3087 1020 3161 occultum
1047 3112 1204 3162 murmur
1230 3116 1329 3165 exce·

188 3199 505 3387 perlpornpznsgqpe
542 3202 913 3409 Tffius3·t‚ete‹⁶ffitn
932 3203 1327 3413 &ulmmpppcps'zmz

189 3321 202 3354 ‘
556 3340 581 3387 n
670 3319 694 3351 ’'
711 3342 743 3389 u
840 3342 879 3391 ce
894 3342 931 3389 er
1022 3342 1050 3389 st
1180 3344 1203 3391 u
1297 3345 1329 3391 e-

189 3434 216 3469 “
233 3442 341 3517 retur,
358 3340 649 3503 datuuruisrpiiberis
664 3432 737 3528 ejus
752 3431 885 3506 ducena
900 3430 1074 3503 sestertia⁴
1101 3431 1254 3531 singulis,
1270 3434 1330 3531 qui

188 3547 216 3583 ‘⁴
232 3541 340 3615 sexus
354 3541 459 3614 virilis
474 3544 623 3617 Μεθ’
670 3546 784 3643 Egere
800 3544 856 3617 olii
872 3560 1006 3641 gratem
1033 3544 1123 3619 eiluit
1140 3548 1330 3636 Hortalus,⁵

186 3677 329 3753 pavore,
345 3678 389 3727 an
410 3654 507 3729 avitae
536 3656 717 3729 nobilitatis
742 3660 844 3731 etiam
870 3658 959 3731 inter
984 3660 1155 3758 angustias
1183 3658 1330 3735 fortunae

186 3768 360 3845 retinens:
385 3793 497 3867 neque
526 3771 703 3845 miseratus
731 3789 782 3847 est
808 3770 951 3869 posthic
979 3762 1150 3863 Tiberius,
1178 3776 1334 3871 quamvis

187 3883 315 3956 domus
330 3884 505 3957 Hortensii
520 3887 716 3981 pudendam
732 3888 776 3960 ad
792 3886 941 3985 inopiam
960 3886 1185 3960 delaberetur.

231 4094 367 4177 'Effert
390 4098 539 4176 aliquando
563 4102 734 4160 relationem.
831 4096 842 4131 ³
869 4100 1050 4179 Consurgere.
1112 4104 1334 4180 consurgebant,

189 4178 295 4255 ngredi
317 4178 491 4250 relationem,
511 4181 540 4237 id
564 4192 616 4251 cst,
636 4181 737 4239 liceu-
792 4181 843 4257 qui
856 4182 1020 4241 sententium
1033 4183 1175 4242 (licebant.

187 4277 286 4315 surum
311 4257 446 4315 rclotioue
481 4258 591 4329 diverti,
616 4272 646 4317 et
672 4260 737 4319 loco
832 4259 1121 4321 ⁴Ducenuscrtertia.
1142 4258 1334 4341 Angtrdobt.

189 4337 334 4396 sententie}
347 4336 377 4395 id
386 4338 519 4415 prolerre,
529 4340 607 4415 quod
620 4340 649 4397 iu
660 4359 738 4398 com·
796 4344 856 4399 l3s.
869 4338 918 4396 td.

190 4435 305 4475 munem
322 4416 476 4477 utilitatem
484 4418 644 4478 conducat.
834 4414 943 4477 ⁵Silue't
957 4418 1107 4481 Hortalus.
1148 4422 1254 4481 Metiri
1273 4424 1338 4501 qui·

234 4492 327 4555 'Sive
340 4488 516 4557 indulserint.
551 4498 738 4573 luvidloqui·
793 4497 857 4555 dem
870 4498 959 4568 siluit,
973 4500 1040 4559 etim
1054 4502 1151 4559 obluta
1169 4501 1281 4579 largitio
1294 4504 1335 4561 in·

188 4575 266 4645 dem,
277 4576 358 4653 quod
371 4577 416 4634 vel
438 4572 630 4655 intempestivi
644 4578 739 4637 indul·
793 4577 837 4635 fre
849 4597 964 4637 centum
983 4589 1012 4638 et
1024 4581 1200 4647 nobilitatem
1216 4580 1336 4645 Horten·

186 4666 285 4736 gessit,
299 4653 341 4713 vel
359 4654 429 4715 dure
442 4660 580 4719 abnuunt.
793 4656 900 4717 riorum
914 4668 993 4729 esset.
