3200 5509
143 579 219 639 rc.
235 583 283 645 19.
400 567 623 632 ruurtruu
645 567 766 628 ursan
785 567 1008 632 sucuuuus.
1139 655 1145 668 ι
1215 587 1270 641 ras
1341 659 1344 665 Ι

141 731 291 820 eorum,¹
307 727 343 800 in
359 725 482 826 qtultus
505 723 641 812 interiit,
662 721 783 822 Magni
808 722 997 810 Alexandri
1021 721 1098 800 latis
1116 728 1272 830 adequa-

144 863 232 918 rent.
283 843 417 916 “Nam
441 857 625 934 utrumque
651 861 796 934 corpore
823 839 963 927 decoro,
990 865 1115 939 genere
1138 845 1273 947 insigni,

146 967 171 1002 “
188 958 282 1031 haud
297 956 448 1029 multum
462 952 598 1050 triginta
606 975 713 1025 armos
724 975 912 1050 egressum,
921 979 1063 1028 suorum
1074 957 1198 1034 insidiis
1213 988 1273 1035 ex.

147 1081 173 1116 “
190 1091 301 1144 ternas
315 1069 402 1141 inter
417 1083 536 1166 gentes
551 1064 732 1140 occidioe:
758 1066 819 1138 sed
842 1067 935 1139 hunc
957 1069 1075 1142 mitem
1096 1099 1178 1173 erga
1192 1077 1273 1149 ami

147 1193 176 1230 ‘⁶
190 1209 260 1273 cos,
277 1182 450 1256 modicum
465 1182 690 1278 voluptatum,
707 1205 776 1254 uno
795 1181 1023 1272 matrimonio,
1038 1187 1139 1261 certis
1162 1189 1274 1266 uteris

148 1299 316 1396 “egisset
341 1321 454 1394 neque
476 1295 591 1370 minus
612 1295 851 1392 praeliatorem,
866 1296 966 1368 etiam
984 1295 1012 1370 si
1028 1303 1197 1376 temeritas
1216 1309 1273 1377 ab·

147 1421 172 1456 “
188 1411 304 1501 fuerit,
320 1409 591 1508 praepeditusque
606 1410 648 1482 sit
659 1410 830 1505 perculsas
845 1427 897 1481 tot
912 1409 1058 1485 victoriis
1073 1418 1275 1493 Gennanias

146 1534 173 1571 “
189 1526 324 1599 servitio
340 1549 502 1622 premere.
554 1524 663 1620 Quod
679 1525 707 1598 si
723 1525 821 1624 solus,
831 1525 954 1598 arbiter
968 1551 1097 1616 rerum,
1113 1530 1140 1601 si
1147 1535 1225 1628 jure
1240 1548 1276 1606 et

149 1649 176 1684 “
192 1641 328 1712 nomine
340 1640 433 1739 regio
444 1637 573 1728 fuisset,
589 1656 682 1712 tanto
692 1640 863 1737 promtius
881 1641 1119 1715 adsecuturum
1130 1646 1275 1743 gloriam

147 1762 175 1798 “
191 1751 329 1844 militiae,
353 1772 518 1852 quantum
544 1755 735 1844 clementii,
763 1755 997 1852 temperandi,
1024 1759 1144 1831 ceteris
1177 1759 1276 1833 bonis

145 1869 314 1941 “artibus
329 1869 571 1965 prastidsset.''
621 1872 757 1966 Corpus
772 1870 955 1966 antequim
978 1888 1197 1963 cremaretur,
1212 1899 1276 1946 nu-

145 1984 264 2056 datum
279 1983 314 2054 'm
329 1979 406 2055 foro
418 1983 724 2071 Antiochiensium,
739 1983 798 2080 qui
815 1984 911 2056 locus
934 1987 1117 2081 sepulturae
1133 1988 1275 2061 destina·

144 2098 272 2170 batur.²
331 2097 565 2170 Praetuleritne
596 2095 749 2170 veneficii
786 2097 893 2194 signa,
925 2099 1050 2194 parum
1080 2102 1250 2176 constitit:
1263 2107 1274 2146 ³

143 2233 226 2283 nam
243 2229 281 2284 ut
297 2211 373 2308 quis
389 2211 617 2283 misericordii
632 2213 669 2282 in
682 2212 941 2299 Genuanicum,
957 2229 992 2284 et
1006 2213 1189 2308 praesumti
1203 2241 1276 2290 sus·

143 2325 293 2420 piciens,
309 2342 368 2397 aut
388 2323 504 2396 favore
528 2327 564 2397 in
587 2325 746 2399 Pisonem
762 2325 913 2420 pronior,
941 2325 1062 2402 diversi
1082 2327 1277 2424 interpreta-

143 2441 301 2510 bantur*

197 2675 256 2744 74.
283 2667 586 2740 Consonraruu
602 2667 682 2740 inde
697 2669 783 2742 inter
805 2668 946 2766 legatos,
971 2666 1096 2765 quique
1112 2667 1166 2742 alii
1182 2693 1275 2744 sena·

142 2801 262 2855 torum
285 2781 436 2869 aderant,
464 2789 489 2824 “
505 2781 660 2878 quisnam
676 2781 782 2879 Syriae
799 2782 1077 2877 praeficeretur:”
1102 2799 1136 2854 et
1155 2785 1275 2858 ceteris

144 2895 282 2968 modice
306 2894 398 2984 nisis,
425 2895 513 2968 inter
536 2895 675 2969 Vibium
702 2899 872 2985 Marsum,
896 2911 929 2968 et
954 2896 1022 2970 Cn.
1038 2895 1192 2969 Sentium
1214 2899 1274 2971 diu

144 3010 352 3107 quesitum:
378 3009 456 3082 dein
472 3012 609 3084 Marsus
624 3010 760 3100 seniori,
777 3028 811 3084 et
835 3010 950 3084 acrius
970 3011 1141 3083 tendenti⁵
1158 3011 1274 3084 Sentio

144 3123 323 3197 concessit.
372 3126 472 3221 Isque
502 3123 663 3199 infamem
695 3125 864 3200 veneficiis
890 3125 933 3200 ei
962 3125 1000 3198 in
1030 3125 1215 3222 provincii,
1240 3143 1274 3199 et

144 3237 317 3311 Plancinae
334 3263 520 3335 percaram,
529 3241 667 3314 nomine
683 3241 879 3330 Martinam,
892 3240 930 3311 in
945 3241 1067 3313 urbem
1081 3239 1183 3327 misit,
1198 3265 1275 3335 pos·

145 3351 333 3426 tulantrbus
358 3350 518 3428 Vitellio⁶
532 3379 571 3430 ac
599 3357 759 3447 Veranio,
785 3354 972 3451 ceterisque
999 3353 1059 3450 qui
1087 3353 1226 3425 crimina
1241 3369 1275 3425 et

189 3566 200 3594 ¹
215 3567 451 3644 Prupiaqua'tatem
464 3571 546 3628 ctiam
556 3573 685 3632 locarent.
739 3572 770 3630 ia
783 3571 828 3641 tie,
842 3570 890 3646 qai
901 3569 1125 3628 cadiaeoaorbo
1137 3569 1274 3629 alienat.-

146 3650 184 3706 ln
196 3647 280 3726 Syria
294 3665 422 3706 mortuus
433 3660 474 3708 est
489 3649 684 3724 (immaturus,
740 3656 1004 3729 negatar'etreaeao
1014 3647 1173 3708 interemtir.
1195 3647 1277 3708 Certi

147 3728 313 3785 Alexander
326 3729 355 3784 in
368 3725 535 3804 Babylonii.
599 3727 604 3737 '
741 3738 818 3788 catat
830 3729 920 3786 oratio
935 3728 1051 3798 Vitellii,
1063 3727 1118 3805 qud
1129 3748 1205 3786 reum
1227 3729 1277 3796 Pt'·

188 3803 203 3830 ²
217 3805 371 3882 Sepultura
381 3808 577 3874 destinabatur.
616 3809 688 3867 Des·
740 3829 829 3867 torrem
855 3811 916 3886 rjat
933 3807 1045 3886 sceleris
1063 3809 1201 3886 congri,
1226 3810 1277 3866 tac

146 3887 295 3944 tinebatur
310 3888 402 3958 busto,
421 3907 479 3964 quo
498 3899 684 3948 cremaretur:
740 3895 988 3966 marargarneato:
1000 3889 1276 3964 pahrraqaettatatur,

148 3967 215 4024 ride
229 3965 378 4042 iulracap.
393 3971 440 4024 83.
740 3987 794 4025 aaa
802 3967 925 4045 potairrc
946 3969 978 4024 ol
990 3986 1119 4025 ommam
1141 3985 1189 4024 cor
1205 3965 1278 4024 Ger·

188 4041 329 4103 'Parum
352 4045 487 4104 comtitit.
534 4047 621 4104 Haud
639 4046 687 4104 'ita
740 4047 840 4104 manici
864 4045 982 4105 Carraria
1009 4045 1134 4104 cremari.
1172 4043 1278 4106 Contra

147 4125 275 4184 modeste
288 4125 437 4204 Suetonius
450 4125 479 4182 iu
492 4125 572 4197 Caio,
585 4143 608 4183 1.
762 4147 841 4185 caere
871 4127 957 4183 morlai
980 4126 1106 4204 defensat
1129 4133 1172 4183 ert
1199 4125 1277 4186 Piso.

188 4201 204 4236 ⁴
217 4203 332 4262 Diversi
340 4205 602 4282 interpretabantur.
616 4205 687 4263 Ger·
772 4205 917 4263 eVitellio
931 4205 1050 4275 dicetur,
1064 4223 1127 4282 cap.
1140 4223 1197 4282 seq.

147 4283 257 4342 manici
277 4285 403 4359 partibus
422 4283 539 4353 addicti,
560 4303 625 4342 eum
642 4303 688 4341 ve·
782 4283 912 4342 'Acriis
928 4285 1059 4342 tenderat.
1100 4284 1189 4360 Syriae
1208 4303 1278 4363 prae-

148 4362 686 4437 nenoiutetiissedicebaut.luPisonem
742 4365 880 4424 secturam
892 4365 986 4423 acrius
997 4364 1142 4421 ambienti.

149 4443 688 4582 tuttttttuuuurtlu
742 4435 935 4582 ,stitit
960 4443 1280 4587 fultum

148 4603 341 4680 accipimusi
362 4601 464 4674 Plinio,
484 4621 532 4661 xr.
544 4608 593 4670 37.
614 4603 689 4662 Sect.
744 4543 926 4663 viieluorum
940 4603 1015 4662 Hiar.
1030 4621 1051 4660 1.
1064 4609 1093 4671 9.

148 4685 201 4747 71.
242 4679 374 4760 Negatar
397 4683 513 4743 cremari
527 4703 608 4762 porra
631 4682 689 4742 Cor
