3200 5509
323 511 379 566 ιω
660 501 717 566 c.
738 497 1095 560 commulnem
1237 503 1456 576 mucoso.

317 671 343 706 ‘⁸
360 677 499 734 rennu:
525 655 588 730 nid
604 653 694 728 forte
716 654 903 728 clarissimo
923 653 1048 752 mique
1063 656 1177 752 plures
1199 681 1313 747 curas,
1328 661 1455 758 majora

316 785 343 823 ‘⁸
359 775 509 873 pericula
525 773 726 862 subeund23
752 770 977 844 detmimmtis
998 793 1158 846 curarum
1174 789 1209 843 et
1223 771 1453 868 periculorum

316 889 543 962 “carendum
559 888 670 960 esse.’'
719 885 868 958 Facilem
893 887 1074 959 adsensum
1096 887 1215 975 Gallo,
1229 889 1296 959 sub
1311 887 1452 960 nomim-

313 1008 378 1078 bus
411 1002 571 1090 honestis,
591 998 758 1073 comessio
786 999 947 1072 vitiorum
975 1017 1009 1071 et
1032 999 1216 1073 similitudo
1244 1000 1450 1074 audientium

219 1181 226 1195 .
310 1118 416 1192 dedit.
466 1117 652 1214 Adjecerat
664 1131 700 1188 et
715 1114 888 1203 Tiberius,
910 1123 936 1157 “
952 1138 1023 1188 non
1050 1114 1086 1188 id
1111 1131 1247 1211 tempus
1274 1139 1448 1190 cnutum:

312 1241 340 1276 “
354 1249 418 1304 ner.
434 1232 462 1305 si
479 1231 563 1326 quid
578 1231 615 1304 in
625 1227 779 1304 moribus
795 1229 936 1316 labaret,
952 1227 1153 1304 defuturum
1165 1230 1357 1329 corrigendi
1371 1253 1449 1304 auc·

311 1355 337 1392 a
353 1345 505 1419 immo„

360 1583 418 1648 ³4.
437 1577 562 1646 lurss
579 1597 658 1670 quae
672 1576 717 1645 L.
731 1571 811 1646 Piso
828 1580 853 1616 “
868 1572 1035 1648 ambitum
1050 1571 1130 1661 fori,
1140 1589 1304 1670 corrupta
1312 1573 1446 1671 judicia,

310 1698 337 1732 “
352 1687 512 1762 saevitim
532 1703 708 1762 oratomm
731 1688 962 1764 accusationes
990 1688 1241 1762 minitamium''
1257 1687 1445 1784 increpans,

309 1812 337 1849 ‘⁴
351 1802 443 1876 abire
459 1829 508 1891 se,
523 1820 559 1875 et
573 1804 696 1876 cedere
708 1806 810 1891 urbe,
829 1804 1001 1877 uicturum
1016 1803 1052 1876 in
1067 1803 1182 1900 aliquo
1193 1801 1309 1876 abdito
1326 1821 1361 1875 et
1378 1803 1445 1876 lon-

308 1926 336 1963 “
350 1918 482 2015 ginquo
519 1917 626 1990 rure”
667 1920 872 1990 testabanu:
912 1917 1012 1992 simul
1054 1917 1183 1992 curiun
1223 1917 1442 2015 relinquebat,

307 2035 517 2107 Commotus
535 2049 586 2104 est
612 2031 785 2121 Tiberius,
799 2049 835 2106 et
862 2057 1070 2130 quamquam
1095 2032 1233 2108 mitibus
1259 2032 1375 2106 verbis
1395 2031 1443 2103 Pi-

305 2171 426 2220 sonem
453 2146 694 2242 permulsisset,
719 2147 931 2245 propinquos
963 2171 1102 2245 quoque
1134 2149 1207 2244 ejus
1234 2145 1385 2243 impulit,
1408 2162 1442 2219 ut

302 2265 485 2334 abeuntem
499 2262 698 2334 auctoritate
718 2263 774 2334 vel
799 2262 957 2359 precibus
978 2278 1143 2338 tenerent.
1193 2261 1299 2334 Haud
1329 2259 1441 2332 miuus

303 2375 401 2450 liberi
416 2375 544 2448 doloris
568 2375 815 2449 documentum
842 2376 936 2450 idem
955 2371 1034 2450 Piso
1054 2401 1139 2448 mox
1150 2373 1256 2463 dedit,
1272 2373 1440 2448 vocataiin

299 2492 357 2586 jus
373 2488 581 2589 Urgulanii,
596 2515 700 2586 quam
715 2515 819 2588 supra
834 2491 927 2588 leges
952 2489 1096 2564 amicitia
1119 2493 1319 2588 Augustae¹
1346 2507 1440 2562 exm

303 2604 411 2676 lerata
435 2629 499 2677 nec
515 2621 574 2676 aut
590 2605 782 2702 Urgulania
796 2603 1055 2700 obtemperavit,
1066 2604 1102 2676 in
1117 2604 1262 2676 domum
1286 2603 1440 2689 Caesuris,

300 2733 418 2813 spreto
432 2717 569 2807 Fuone,
590 2735 708 2807 vecta3
734 2735 793 2790 aut
813 2717 871 2792 ille
886 2717 1022 2807 abstitit,
1048 2741 1257 2814 quamquam
1283 2721 1439 2816 Augusta

302 2838 329 2876 ‘⁴
344 2853 383 2904 se
396 2831 514 2904 violari
530 2849 564 2903 et
578 2831 759 2904 imminui''
775 2849 987 2929 quereretur.
1037 2831 1195 2906 Tiberius
1210 2833 1375 2908 hactenus
1392 2833 1438 2904 in·

300 2946 446 3043 dulgere
466 2946 565 3040 matri
589 2946 687 3019 civile
701 2951 822 3034 ratus,²
849 2957 887 3020 ut
905 2953 931 2988 ‘⁶
946 2971 983 3020 se
999 2945 1128 3018 inuum
1144 2947 1187 3020 ad
1211 2946 1368 3041 praetoris
1384 2946 1436 3020 tn‘·

302 3064 328 3100 “
344 3057 462 3146 buml,
490 3055 688 3130 adfuturum
714 3056 942 3154 Urgulaniae’'
970 3056 1110 3145 diceret,
1126 3057 1289 3152 processit
1304 3057 1435 3153 palatio,

298 3172 423 3270 procul
438 3153 534 3268 sequi
541 3171 642 3270 jussis
653 3169 831 3242 militibus:
850 3172 1076 3267 spectabatur,
1085 3189 1285 3243 occursante
1297 3171 1435 3268 populo,

298 3285 507 3382 compositus
526 3311 601 3375 ore,
617 3304 651 3358 et
675 3284 889 3359 sermonibus
910 3283 1009 3358 variis
1024 3303 1160 3381 tempus
1174 3303 1276 3381 atque
1297 3287 1362 3358 iter
1377 3287 1434 3358 du·

297 3425 403 3491 cens3
430 3402 540 3475 donec
559 3400 758 3498 propinquis
772 3401 933 3473 Pisonem
957 3399 1084 3472 frustra
1108 3399 1356 3488 coercmubus
1381 3399 1433 3471 de·

297 3513 380 3594 ferri
411 3519 580 3614 Augusta„
601 3514 793 3612 pecuniam,
820 3537 898 3610 quae
927 3497 1116 3610 petebatur,
1140 3515 1287 3611 juberet.
1338 3517 1432 3612 Isque

296 3628 374 3702 finis
386 3629 448 3719 rei,
464 3656 510 3701 ex
525 3627 595 3727 qud
616 3654 729 3726 neque
739 3629 818 3701 Piso
831 3629 1008 3726 inglorius,
1020 3645 1054 3699 et
1068 3627 1184 3702 Caesar
1199 3630 1330 3725 majore
1345 3627 1430 3702 lami

295 3741 370 3817 fuit.
423 3744 590 3818 Ceterum
607 3742 810 3840 Urgulaniae
826 3739 975 3839 potentia
990 3741 1077 3816 adeo
1094 3740 1197 3813 nimia
1212 3741 1336 3814 civitati
1353 3759 1429 3831 erat,

297 3875 335 3929 ut
350 3858 442 3932 testis
456 3859 492 3931 in
513 3857 614 3932 causa
643 3857 805 3954 quadam,
822 3882 900 3952 quae
929 3857 1019 3952 apud
1047 3872 1201 3930 senatun
1217 3859 1428 3945 tractabatur,

295 3971 410 4045 venire
427 3973 687 4070 dedignaretur:
715 3972 836 4046 nussus
862 3989 911 4044 est
932 3989 1073 4068 praetor,
1099 3971 1157 4068 qui
1174 3971 1267 4044 domi
1292 3971 1427 4046 interro·

258 4181 263 4189 ἡ
294 4101 391 4184 garet
404 4115 414 4175 3
442 4087 527 4159 cum
542 4085 690 4184 virgines
706 4085 858 4158 Vestales
870 4082 906 4156 in
922 4083 999 4162 foro
1021 4101 1055 4156 et
1067 4083 1194 4182 judicio
1210 4085 1332 4174 audiri,
1348 4111 1425 4186 quo-
1537 4141 1538 4144 ,

294 4200 380 4274 tiens
394 4200 625 4275 testimonium
641 4199 805 4290 dicerent,
822 4218 919 4274 vetus
935 4223 1010 4274 mos
1025 4197 1139 4272 fuerit.

334 4479 504 4556 ‘Auguste
547 4480 643 4538 Livire.
886 4478 958 4538 aded
972 4477 1056 4536 cisilo
1070 4489 1147 4538 rums
1160 4489 1211 4548 ost,
1224 4489 1257 4536 ut
1274 4479 1378 4537 diceret
1395 4497 1421 4536 se
1537 4443 1538 4508 l

334 4553 549 4636 (Cimbrum.
590 4559 741 4636 Indulgere
753 4560 836 4620 meni
885 4559 1044 4618 iturumod
1059 4561 1186 4636 praetoris
1201 4558 1335 4618 tribunal.
