3200 5509
747 475 1054 547 BREVIARIUM.

340 706 482 776 tuosus
513 691 751 802 Agrippinae
782 692 932 774 obitus.
989 691 1055 774 26.
1083 687 1235 790 Nerva,
1262 693 1291 780 J
1296 723 1446 782 urecon·

340 835 484 934 saltus,
515 833 652 916 inedia
677 833 907 916 uoluntarib
924 833 1037 914 obiit.
1095 832 1270 942 Aliquot
1288 836 1444 920 aliomm

265 1010 269 1022 ·
337 977 568 1059 inlustrium
585 987 748 1059 mortes.
805 985 872 1059 28.
903 973 1076 1058 Phoenix
1096 977 1181 1057 avis
1210 977 1252 1058 in
1275 977 1445 1090 AEgypto

337 1121 435 1202 visa.
501 1128 569 1215 29.
604 1118 898 1201 Accusationes
932 1118 1053 1198 varice
1091 1129 1135 1198 et
1171 1131 1333 1203 mortes.
1385 1131 1442 1205 31.

335 1256 581 1342 Parthorum
609 1260 773 1370 legati
763 1289 806 1340 m
842 1257 1002 1341 Urbem
1031 1286 1190 1356 venere,
1219 1261 1273 1343 ad
1304 1291 1443 1347 novum

333 1429 467 1512 regem
498 1402 767 1512 petendum..
791 1399 976 1484 'liberius
1004 1427 1148 1517 unum,
1177 1401 1326 1487 deinde
1358 1405 1443 1487 alte-

332 1572 424 1626 rum
450 1546 571 1626 misit.
628 1542 677 1625 L.
698 1541 886 1624 Vitellius
915 1501 1072 1624 Orienti
1103 1543 1430 1651 praefectus.33

333 1686 479 1769 Praelia
512 1689 619 1769 inter
650 1686 864 1768 Armenios
896 1695 939 1768 et
977 1683 1163 1768 Parthos.
1218 1687 1442 1772 Artabanus

330 1855 455 1938 reguo
484 1839 646 1925 exutus,
674 1838 717 1923 et
745 1828 787 1918 in
817 1825 1028 1932 Scythiam
1061 1827 1270 1936 profugus
1297 1831 1363 1912 eui
1384 1829 1442 1912 'li-

329 1971 479 2054 ridates
509 1971 708 2052 sufficitur
736 1967 889 2050 Vitellii
924 1968 1091 2050 consilio
1119 1979 1163 2050 et
1193 1971 1329 2053 armis.
1382 1981 1439 2055 38.

329 2112 595 2198 Recrudescit
613 2111 841 2194 delatorum
856 2109 1024 2190 soevitia.
1072 2108 1269 2192 Accusati
1289 2111 1439 2222 plurimi

326 2259 603 2346 oocumbunt:
633 2279 709 2340 neo
728 2253 1102 2362 civium‘suppliuia
1129 2253 1277 2364 effugit
1298 2283 1366 2338 rex
1383 2254 1440 2336 Ti·
1550 2247 1551 2324 ἶ

323 2427 479 2508 ἔωθε.
536 2398 644 2482 Vilae
675 2397 800 2480 linem
823 2397 901 2478 sibi
932 2397 1052 2506 ponit
1084 2395 1250 2480 AEmilia
1274 2397 1437 2508 Lopida.

324 2550 392 2629 41.
412 2540 532 2632 Clitoe
550 2543 632 2651 regi
650 2569 726 2634 suo
744 2541 911 2638 rebelles
937 2551 980 2623 et
998 2541 1178 2649 repressi.
1234 2539 1438 2634 Tiridates,

197 2750 201 2754 .
323 2680 567 2769 Parthorum
608 2707 692 2780 rex,
729 2682 896 2766 dissidio
934 2707 1146 2792 procerum
1180 2681 1368 2793 pellitur;
1389 2693 1438 2764 -et

320 2822 564 2910 Artabanus
572 2826 615 2908 in
634 2853 804 2946 regnum
823 2827 972 2908 iterum
991 2827 1158 2909 accitur.
1215 2831 1284 2912 45.
1303 2825 1435 2908 Roma
1549 2817 1550 2874 ³

316 2966 554 3052 inpendium
571 2979 703 3052 atrox.
757 2967 825 3054 46.
853 2969 1002 3058 Tiberii
1021 2969 1259 3055 deliberatio
1278 2969 1333 3052 de
1353 2995 1434 3052 suc·

318 3135 500 3197 censore·
543 3117 610 3195 50.
628 3110 729 3221 Ejus
747 3113 927 3210 morbus,
947 3139 1054 3194 mors
1073 3122 1116 3196 et
1133 3137 1277 3194 mores.

363 3361 372 3370 '
427 3349 527 3432 Hoer
542 3334 662 3460 gerla!
676 3355 790 3436 anuis
807 3355 963 3436 circiter
980 3381 1056 3436 res.

315 3559 509 3647 aue.
621 3563 663 3650 J.
677 3509 758 3647 cs

330 3723 334 3732 ’
565 3713 568 3719 ’
769 3765 774 3774 -
903 3721 979 3806 Cn.
1015 3720 1202 3805 Domitio
1249 3717 1408 3802 Aheno-

314 3894 577 3993 occnxxxv'.
621 3917 689 3993 32.
719 3745 897 4204 00333
956 3863 1097 4016 ΜΨ
1226 3995 1277 4018 ,,
1380 3997 1387 4012 ,

527 4043 533 4055 ·
695 4053 699 4058 -
903 3997 965 4082 M.
982 3997 1105 4081 Furio
1120 3997 1293 4082 (lamrllu
1308 3997 1405 4080 Son·

868 4195 871 4202 -
953 4133 1143 4216 boniano.

898 4340 981 4509 Ser.
1002 4423 1186 4535 Sulpicio
1204 4419 1355 4519 Galba,

310 4471 604 4600 pocnxxxv'r.
623 4481 692 4622 33.
716 4474 828 4562 Coss.
863 4427 981 4662 {L
968 4557 1158 4650 Cornelio
1178 4555 1303 4644 suna
