3200 5509
426 487 486 549 nn
506 479 583 548 un.
603 483 629 544 1.
649 483 751 544 san.
771 477 1120 544 econamum.
1272 471 1331 554 sos
1421 495 1425 504 ·

239 637 449 706 Adulationes
459 637 638 704 ninehant.
660 635 699 700 ln
711 635 862 700 emanue
881 633 1022 700 omnibus
1041 626 1232 706 editionibus,
1257 626 1335 692 adse-

193 747 324 816 latione.
368 749 493 834 lipsius
511 761 543 812 et
561 745 752 824 recentiores,
773 737 981 810 adulationes(
1022 737 1165 806 Tentavit
1181 736 1337 816 Murcus,

192 863 350 949 eaerum
373 858 503 947 gaudio,
526 867 646 945 questus
669 853 850 920 adulatione
868 853 1057 919 'manebant
1103 849 1260 926 Ernestus,
1290 845 1337 912 la-

196 971 310 1060 erpnsis
320 967 483 1059 gaudiani,
493 978 614 1055 questus
626 963 816 1031 adulatum
863 963 984 1050 Siquid
998 961 1186 1036 mutandum,
1201 957 1338 1022 Ernesti-

197 1078 520 1146 nsmemendationem
534 1079 705 1163 probarem.
729 1073 952 1139 Adulationem
960 1073 1073 1138 scilieet
1085 1068 1191 1156 reponi
1202 1079 1336 1154 oportet,

196 1192 326 1257 etsi'nee
342 1190 423 1255 malt
438 1187 592 1254 Muretus.
636 1187 716 1250 Vide
730 1185 827 1251 Misc.
842 1185 921 1250 Obs.
937 1207 989 1250 rx.
1004 1192 1079 1250 288.

244 1299 398 1388 Apsdque
410 1321 468 1364 eos.
513 1296 610 1383 Apud
624 1293 907 1362 &nemansensi
925 1295 1079 1361 Muretus.

245 1409 413 1476 Indaetarn
436 1408 672 1473 dubitationem.
709 1403 951 1472 Frustra-tentat
964 1405 1159 1484 -Gronovius,
1183 1403 1337 1468 indutam.
1459 1409 1462 1418 '

199 1525 285 1590 Ante
302 1523 494 1588 Gronovium
506 1520 539 1584 id
551 1519 721 1584 dubitanter
734 1530 933 1605 proposuerat
950 1517 1076 1584 latiaris
1092 1515 1237 1583 [ninius.

245 1745 335 1812 Car.
349 1753 380 1810 8.
410 1743 629 1833 Infamilians
649 1766 818 1833 nomenque
840 1743 998 1834 Augusta.
1039 1737 1156 1809 liviani
1178 1739 1209 1807 in
1229 1761 1339 1804 nomen

201 1870 235 1921 ei
248 1853 393 1922 unitum
405 1855 428 1922 J
429 1855 498 1920 alite
511 1853 606 1938 gentis
620 1855 711 1919 fuisse
724 1854 869 1920 adscitam
887 1877 977 1920 nemo
994 1853 1119 1919 inficiari
1138 1865 1249 1939 potest,
1264 1853 1339 1916 ‘oiim

201 1965 236 2032 id
249 1965 405 2052 conseptis
413 1963 512 2030 serbis
526 1963 718 2050 pronuntient
728 1963 807 2044 Dio,
826 1985 897 2030 avr.
910 1989 941 2050 p.
953 1967 1027 2032 600.
1070 1963 1214 2042 Velleius,
1228 1983 1270 2026 11.
1285 1967 1338 2032 75.

204 2075 336 2142 Ovidius
344 2076 426 2140 nnn.
439 2095 464 2138 ι.
478 2083 553 2140 582.
575 2075 703 2140 Tacitus
717 2073 829 2140 Annsl.
843 2097 875 2138 v.
890 2085 918 2138 l.
947 2073 1078 2162 Ipseque
1094 2073 1222 2151 Plinius,
1239 2095 1276 2136 x.
1287 2081 1339 2137 55.

204 2183 332 2252 md.
374 2183 460 2249 Novi
472 2185 612 2270 equidem
626 2186 775 2249 eruditum
790 2185 984 2250 Harduinum
998 2198 1129 2249 mentem
1149 2184 1293 2262 mathsee,
1310 2195 1342 2247 et
1376 2215 1379 2220 ·

200 2297 238 2360 in
256 2294 423 2382 posteriore
443 2294 499 2358 suh
516 2293 648 2358 editione
668 2293 796 2358 Idoiam
815 2317 872 2378 pro
896 2293 987 2359 Jalid
1005 2293 1176 2379 scripsisse:
1199 2295 1252 2356 sed
1271 2315 1340 2378 per·

202 2427 320 2494 peram,
336 2417 368 2468 et
381 2403 596 2493 refrngnntibns
610 2401 713 2467 MSS.
726 2403 820 2468 libris.

251 2510 396 2582 Trecenos
408 2535 555 2578 nmmos.
587 2511 639 2578 De
657 2512 703 2577 his
721 2513 854 2598 Augusti
872 2513 976 2598 legatis
991 2515 1082 2602 paulo
1100 2515 1195 2595 aliter,
1217 2529 1248 2580 et
1261 2516 1340 2581 forth

203 2624 383 2703 nceumtihs,
402 2622 564 2688 Suetonius
578 2621 610 2686 in
623 2623 706 2707 Aug.
723 2645 771 2688 cn.
817 2623 953 2712 Legavit
964 2625 1081 2712 populo
1105 2625 1247 2692 Romano
1265 2650 1343 2713 qaa-

203 2734 406 2824 dringenties,
419 2731 562 2797 tribubus
573 2733 676 2796 tricies
689 2733 850 2821 quinquies
859 2735 1041 2816 sestertidm,
1047 2737 1247 2822 pretorianis
1260 2737 1343 2802 mili-

204 2845 289 2912 tibus
309 2839 440 2931 singula
462 2840 564 2906 millia
588 2862 791 2923 nummorum,
815 2844 989 2910 cohortibus
1013 2845 1143 2911 urbanis
1164 2849 1343 2937 quingenos,

201 2953 387 3043 legioesariis
400 2951 549 3017 tresentos
564 2973 711 3016 nmmos.
745 2953 781 3017 N
781 2976 817 3017 ec
830 2954 910 3018 enim
924 2955 1277 3042 serisirnilelegionarios
1291 2981 1344 3024 co-

203 3063 344 3130 hortibus
357 3061 490 3129 Urbanis
503 3061 595 3126 fuisse
608 3075 751 3148 aequatos.
796 3063 924 3128 Summa
941 3077 1005 3130 tots
1023 3057 1192 3150 legatorum
1212 3067 1344 3153 Augusti

203 3174 264 3239 sirit
304 3173 401 3237 femi
438 3170 536 3258 Aegl.
571 3171 734 3249 sis,0001.
812 3173 988 3253 Emendavi,
1031 3174 1211 3264 legionariis
1250 3191 1345 3266 atque

205 3281 420 3348 selonitae.-
450 3279 539 3345 Mae
566 3280 648 3346 enhn
677 3281 845 3348 Beroaldus
874 3283 984 3370 aliique
1010 3297 1134 3366 veteres,
1163 3286 1344 3375 legionariis

202 3405 321 3461 ausin·
335 3392 519 3456 cohortibus.
562 3389 679 3456 Melihs
704 3393 925 3458 Freinshemius
947 3407 979 3460 et
998 3394 1144 3479 Ryckius,
1166 3395 1346 3486 legionariis

207 3515 311 3572 autea
324 3512 354 3566 et
365 3501 548 3566 cohortibus.
585 3501 631 3566 At
644 3501 714 3564 chm
725 3502 756 3566 in
768 3501 845 3567 MS.
860 3503 943 3568 Flor.
958 3503 1084 3588 legatur,
1095 3505 1275 3595 legionariis
1289 3519 1347 3574 aut

204 3612 394 3690 cohortibus,
408 3610 552 3676 mendose
565 3611 698 3697 quidem,
713 3611 785 3677 licet
804 3613 825 3679 J
828 3637 873 3678 ac·
890 3614 1050 3680 Gronovio
1068 3629 1099 3680 et
1114 3616 1346 3684 Recentioribus

206 3725 383 3809 probatum,
408 3719 533 3785 omninno
550 3722 772 3786 emendandam
800 3733 905 3810 atque,
930 3737 964 3789 nt
988 3726 1053 3810 ipse
1078 3749 1179 3792 sensus
1201 3727 1345 3813 postulat.

208 3832 282 3897 Aa
293 3829 470 3916 etatquein
484 3829 587 3894 MSS.
601 3853 681 3916 saepe
695 3833 859 3916 permutari
868 3836 935 3920 jam
949 3831 968 3898 d
987 3834 1097 3900 Contio
1112 3839 1150 3900 ad
1169 3837 1346 3904 Sallustium

206 3943 238 4006 in
262 3941 405 4026 Jugurth.
429 3935 580 4004 sxsxrr.
602 3943 806 4023 observatum,
831 3957 862 4008 et
883 3943 1020 4030 plurimis
1046 3947 1193 4032 exemplis
1221 3949 1347 4014 demon-

207 4066 345 4118 stratum.
388 4047 539 4114 Cohortes
552 4049 664 4115 civium
675 4051 887 4118 Romanorum
901 4053 1101 4144 appellantur,
1112 4070 1146 4122 ut
1159 4055 1178 4124 i
1192 4058 1346 4123 sociorum

207 4162 385 4227 cohortibus
398 4158 625 4245 ammanus

252 4382 344 4448 Can.
357 4392 390 4456 9.
414 4381 503 4448 Idem
522 4383 586 4449 dies
604 4387 724 4474 arrepti
742 4389 897 4476 qnondam
915 4392 1038 4477 imperii
1051 4393 1207 4478 princeps,
1230 4403 1260 4456 et
1278 4393 1349 4458 vita

205 4514 372 4578 supinatis.
422 4493 474 4558 De
495 4517 574 4558 anno
595 4497 712 4582 accepti
734 4488 854 4586 imperii
876 4500 949 4566 nihil
971 4501 1046 4568 certi
1068 4505 1256 4582 occurrebat,
1278 4503 1350 4568 ctm

208 4597 295 4671 notia
322 4601 411 4667 edidi.
433 4655 438 4662 .
457 4603 537 4672 Hac
564 4605 672 4690 posted
699 4623 801 4675 mente
823 4611 987 4693 revolvens,
1009 4613 1122 4678 adverti
1150 4615 1222 4679 huc·
1235 4613 1353 4698 optimi

330 4725 412 4788 gol..
430 4726 455 4770 1.
1052 4726 1112 4781 ΩΑ
