3200 5509
257 466 318 532 slir
402 479 412 503 ⁸
685 455 950 527 mmmm.-

259 656 511 753 Serenissimi
559 654 758 767 Delphini
803 656 968 739 Parisiis
1002 658 1227 768 apparavit
1270 684 1381 743 anno

261 806 380 894 1632.
438 803 599 885 Recusa
616 812 678 883 est
696 796 880 880 Venetiis
897 824 1007 882 anno
1030 808 1151 893 1707.

313 1086 517 1170 Theodori
537 1082 701 1189 Ryckih
731 1080 893 1178 Batavi,
912 1083 1108 1181 brevior-n,
1126 1082 1195 1165 sed
1214 1083 1383 1167 meliora

208 1327 213 1345 Ι
261 1231 505 1336 utilioraque
523 1228 565 1307 in
584 1224 771 1306 Tacitum
791 1224 941 1305 studia.
977 1223 1168 1309 Prodiere
1188 1225 1385 1336 Lugduni

263 1373 512 1455 Batavorum
531 1394 639 1449 anno
662 1366 779 1457 1687.
817 1364 1017 1463 Nitidihs,
1044 1367 1383 1477 commodiusque

262 1516 305 1597 iu
342 1515 472 1595 lucem
512 1513 658 1592 iterum
701 1510 850 1591 emissa
887 1508 1076 1591 Dublinii
1112 1538 1223 1591 anno
1262 1516 1380 1601 1730.

238 1653 417 1739 ‘Praesth
450 1654 561 1735 fuere
595 1665 682 1733 tum
716 1665 912 1762 excerpta
940 1679 991 1734 ex
1022 1649 1147 1735 MSS.
1180 1652 1310 1761 Regio
1339 1671 1382 1737 et

263 1796 508 1893 Florentino,
537 1806 625 1878 tum
646 1792 739 1877 MS.
767 1796 910 1896 codex,
939 1796 1012 1904 qui
1042 1795 1138 1878 olim
1171 1794 1382 1907 Rudolphi

263 1940 464 2052 Agricolae
496 1939 641 2020 fuerat.
700 1936 751 2020 Ei
782 1952 919 2020 tamen
950 1938 1041 2047 plus
1084 1964 1205 2047 aeqno
1238 1938 1385 2020 tribuit

264 2082 460 2191 isychius,
488 2082 583 2169 ohm
602 2082 669 2163 ille
701 2080 833 2163 codex
858 2110 939 2163 non
960 2092 1044 2161 tam
1063 2092 1239 2163 veterem
1256 2081 1384 2191 scrip-

262 2239 409 2322 turam,
438 2222 563 2331 quhm
582 2224 656 2305 viri
676 2223 824 2305 eruditi
841 2225 1093 2335 conjecturas
1105 2225 1333 2306 contineat·

319 2506 569 2603 Christianus
602 2506 799 2603 Hauffius,
830 2504 1075 2605 Germanus,
1115 2509 1214 2591 nihil
1246 2535 1382 2619 operae

146 2682 149 2689 ’
263 2654 306 2734 in
325 2648 580 2733 emendando
597 2648 756 2746 Tacito,
783 2648 902 2731 nimis
931 2650 974 2731 in
1000 2650 1244 2760 explicando
1261 2652 1384 2733 collo-
1432 2639 1436 2647 ’

265 2795 374 2875 cavit
391 2792 543 2903 Lipsiae
559 2822 666 2879 anno
688 2804 805 2887 1714.
834 2793 943 2875 Eum
956 2795 1064 2879 enim
1074 2796 1138 2877 ita
1151 2794 1387 2876 minutatim
1440 2821 1444 2826 ·

264 2934 472 3047 explanat,
491 2945 539 3017 ut
552 2936 742 3017 lectorem
760 2934 903 3045 fatiget
920 2936 1062 3045 magis,
1083 2935 1206 3043 quim
1221 2936 1380 3046 dirigat.

317 3218 498 3308 Jacobus
531 3217 775 3317 Gronovius,
820 3218 850 3305 J
851 3222 992 3303 oannis
1028 3220 1228 3307 Proderici
1264 3222 1384 3323 filius,

262 3375 475 3472 paternam
494 3362 713 3445 editionem
733 3388 826 3443 cum
849 3360 972 3445 MSS.
989 3363 1230 3445 Florentinis
1247 3392 1384 3476 recog·

263 3504 406 3613 nitam,
452 3505 614 3613 suisque
658 3516 701 3585 et
737 3502 952 3587 Variorum
992 3506 1096 3587 notis
1132 3508 1384 3591 cumulatam

262 3646 374 3755 prelo
394 3657 619 3755 paraverat,
648 3644 745 3727 crim
776 3658 906 3727 morte
927 3646 1175 3757 interceptus
1194 3662 1256 3731 est
1273 3676 1384 3733 anno

267 3786 384 3883 1716.
441 3785 567 3869 Filius
617 3789 701 3899 ejus
753 3786 960 3872 Abraham
1011 3789 1242 3873 Gronovius
1291 3820 1384 3875 eam

261 3928 436 4040 Trajecti
449 3928 502 4011 ad
517 3928 706 4013 Rhenum
721 3934 964 4021 1111101721.
984 3932 1231 4039 publicarit:
1257 3934 1384 4044 patris

99 4136 102 4143 .
262 4071 466 4153 memoriae
523 4070 791 4166 consulturus,
859 4070 894 4152 si
950 4072 1135 4156 convicia
1192 4075 1385 4161 advershs

263 4210 485 4319 Ryckium,
525 4214 689 4322 aliaque
723 4213 855 4295 multa
883 4214 1044 4297 erudito
1085 4218 1171 4298 viro
1215 4219 1385 4330 indigna

262 4354 470 4439 omisisset.
526 4354 597 4438 Ad
616 4356 749 4467 operis
774 4357 929 4443 colom
960 4361 1134 4471 reperire
1162 4374 1224 4447 est
1254 4364 1383 4447 varim
