3200 5509
301 543 341 613 7⁶
667 532 909 594 cconunnn
927 528 1063 591 ment
1216 534 1254 591 s.
1268 534 1354 592 ue.
1369 530 1442 601 γει.

285 708 328 743 ·“
343 698 433 769 rivos
461 692 632 778 diductus,
661 683 1019 785 superstagnavisset.”
1068 684 1145 760 Nec
1176 686 1332 761 Reatini¹
1365 686 1442 761 sile-

299 816 393 899 bant,
410 810 570 881 Velinum
599 805 750 891 lacu'm,²
773 802 843 899 qui
868 802 904 873 in
920 804 1059 875 -Narem
1082 800 1280 890 effunditur,
1306 802 1442 875 obstrui

299 917 513 1011 recusantem
557 920 723 1018 “quippe
755 918 792 989 in
824 916 1021 1015 adjacentia¹
1040 932 1264 1011 erupturum:
1305 915 1441 1012 optimi

300 1048 328 1083 ‘⁸
342 1041 444 1111 rebus
460 1035 656 1108 mortalium
679 1032 888 1105 consuluisse
909 1048 1077 1118 naturarn,
1103 1040 1180 1127 quae
1206 1054 1267 1103 sua
1288 1051 1351 1102 ora
1378 1030 1442 1103 ilu-

300 1162 327 1196 “
342 1151 501 1240 minibus,
525 1175 605 1222 suos
630 1172 763 1236 cursus,
789 1162 895 1243 utque
921 1146 1088 1245 originem
1113 1144 1158 1216 ita
1180 1146 1265 1216 fines
1281 1144 1439 1217 dederit:

300 1274 329 1315 “
341 1266 539 1363 spectandas
553 1262 653 1335 etiam
667 1262 848 1359 religiones
864 1259 1047 1347 sociorum,
1066 1259 1124 1356 qui
1140 1278 1247 1346 sacra,
1263 1276 1298 1331 et
1314 1260 1440 1345 lucos?

301 1389 327 1423 “
343 1396 377 1451 et
392 1404 467 1451 aras
481 1377 594 1473 patriis
617 1376 796 1447 amnibus4
818 1373 1017 1445 dicaverint:
1046 1372 1129 1470 quin
1153 1374 1266 1469 ipsum
1281 1373 1440 1447 Tiberim

301 1498 328 1537 ‘⁸
344 1493 448 1580 nolle,
489 1514 628 1588 prorsus
664 1488 785 1561 accolis
817 1486 926 1559 fluviis
957 1488 1127 1574 orbatum,
1163 1487 1294 1560 minore
1327 1484 1441 1586 glorii

299 1613 329 1653 ⁴⁴
345 1599 490 1679 fluere.''
538 1606 607 1677 Seu
624 1626 742 1698 preces
756 1601 980 1687 coloniarum,
1004 1624 1065 1672 seu
1085 1598 1438 1696 difficultas'operum,

301 1720 373 1792 sive
387 1716 577 1816 superstitio
588 1715 705 1802 sciuit,
716 1732 754 1786 ut
767 1712 802 1785 in
818 1714 1016 1792 sententiam
1032 1712 1161 1788 Pisonis
1178 1716 1439 1803 concederetur,

301 1834 362 1933 qui
377 1833 424 1905 nil
440 1831 642 1915 mutandum
658 1828 844 1913 eminuerat.

351 2074 410 2134 80.
438 2064 722 2135 Pnonomun
747 2062 897 2157 Poppaeo
926 2059 1052 2135 Sabino
1091 2060 1263 2158 provincls
1296 2058 1436 2146 Moesta,

300 2173 422 2251 sddltis
452 2175 583 2249 Achaia
612 2192 646 2247 et
677 2174 916 2248 Macedonia
964 2176 1004 2247 ld
1036 2202 1175 2273 quoque
1207 2197 1345 2250 morum
1378 2171 1436 2245 Tl-

299 2287 384 2363 berii
408 2284 485 2377 fuit,
509 2290 705 2362 continuare
726 2290 878 2386 imperia,
903 2314 942 2363 ac
970 2290 1150 2387 plerosque
1169 2288 1212 2361 ad
1235 2291 1341 2360 linem
1357 2286 1435 2359 vitae

300 2404 336 2475 in
352 2404 471 2476 iisdem
486 2404 703 2493 exercitibus,
727 2421 784 2479 aut
796 2399 1107 2502 jurisdictionibus⁶
1125 2404 1260 2477 habere.
1291 2492 1293 2497 Δ
1312 2404 1436 2477 causae

300 2519 401 2619 vatia}
428 2520 628 2591 traduntur:
655 2519 710 2589 alii
743 2526 768 2561 “
784 2519 886 2607 taedio
915 2542 1014 2599 novae
1043 2544 1147 2607 curae,
1177 2520 1280 2591 semel
1312 2517 1436 2615 placita

288 2640 327 2678 ‘⁴‘
343 2658 407 2728 pro
435 2632 569 2719 aeternis
595 2632 776 2710 servavisse
788 2634 825 2704 :''
861 2632 999 2729 quidam
1033 2638 1058 2675 “
1074 2631 1212 2721 invidii,
1243 2658 1287 2705 ne
1319 2612 1435 2727 plure's

301 2753 327 2789 “
343 2744 539 2818 fruerentur
550 2746 587 2823 :'’
622 2762 701 2817 sunt
733 2746 792 2851 qui
824 2746 1028 2832 existiment,
1062 2753 1087 2793 ‘⁶
1104 2761 1142 2817 ut
1173 2746 1334 2817 callidum
1365 2749 1435 2848 ejus

301 2866 327 2901 “
343 2859 530 2959 ingenium,
567 2858 613 2931 ita
644 2858 784 2944 anxium
812 2861 980 2959 judicium
991 2862 1053 2932 :”⁷
1088 2884 1199 2957 neque
1232 2858 1329 2961 enimv
1356 2856 1434 2937 emi·

179 3072 185 3083 Ι
300 2988 419 3044 nentes
449 2972 590 3045 virtutes
621 2976 823 3063 sectabamm
865 2994 898 3047 et
929 3000 1068 3049 nusum
1098 2974 1178 3045 vitia
1209 2974 1347 3048 oderat:
1391 2999 1434 3046 ex

300 3084 448 3181 optimis,
481 3086 672 3185 periculum
704 3088 787 3182 SsDi3
829 3089 849 3159 i
880 3089 1045 3186 pessimis
1079 3089 1226 3161 dedecus
1258 3088 1433 3183 publicum

302 3201 493 3273 metuebat:
520 3197 588 3297 qui
610 3200 817 3281 haesitatione
838 3203 1012 3299 postremi>
1038 3202 1081 3277 ed
1107 3219 1286 3297 provectus
1307 3219 1372 3291 est,
1397 3214 1434 3273 ut

300 3313 509 3389 mandaverit
541 3314 743 3413 quibusdam
771 3315 972 3423 provincias,
998 3340 1085 3419 quos
1110 3314 1225 3415 egredi
1251 3318 1336 3389 urbe
1363 3336 1432 3395 nou

301 3444 372 3501 erat
387 3449 557 3525 passurus.

343 3640 353 3668 ¹
379 3642 503 3701 Reatini.
550 3644 735 3710 Reatinomm
769 3648 836 3705 urbs
865 3651 868 3709 l
896 3659 946 3705 est.
981 3648 1062 3705 Enu.

301 3721 430 3799 princeps
455 3722 553 3793 Reate,
585 3742 662 3780 nunc
695 3726 784 3797 Rieti,
810 3729 837 3784 in
936 3724 1072 3785 'Achaici
1085 3732 1113 3783 et
1133 3721 1310 3783 Macedonici.
1352 3723 1432 3792 Quas

305 3800 436 3858 Umbriei.
897 3807 1000 3865 Caesari
1027 3804 1177 3867 attributus
1201 3803 1323 3861 vidimus
1347 3819 1433 3877 supra

341 3876 502 3937 ⁸Velinum
526 3882 624 3939 lurum.
671 3884 764 3942 Lucus
788 3884 838 3943 ille
896 3904 960 3963 cap.
974 3880 1022 3950 76.
1064 3882 1165 3942 Posted
1185 3881 1293 3961 populo
1308 3882 1431 3953 redditu),

300 3976 377 4015 nunc
402 3960 565 4036 appellatur
589 3961 670 4041 Lago
695 3964 725 4021 di
741 3962 787 4041 pie
808 3965 838 4022 di
898 3976 929 4021 ut
950 3964 1062 4022 dicetur
1081 3964 1110 4019 in
1130 3964 1203 4020 notis
1219 3974 1247 4019 et
1267 3962 1375 4027 emend.
1396 3960 1431 4016 sd

301 4037 387 4104 Lm,
408 4038 435 4094 1¹¹
449 4038 580 4096 Umbrit't·
897 4042 1001 4101 Anuul.
1016 4061 1037 4100 1.
1049 4048 1096 4100 80.
1117 4052 1146 4099 et
1164 4043 1192 4098 in
1210 4039 1304 4119 suppl.
1328 4038 1431 4098 Aunsl.

340 4110 473 4186 'Sacris
494 4126 521 4174 el
540 4118 624 4176 lucos.
666 4120 836 4181 Namllutii
898 4128 972 4188 x.7.
1248 4142 1251 4149 ’

299 4196 399 4273 priscis
421 4197 494 4253 inter
515 4198 607 4255 Deos:
628 4211 658 4255 ct
674 4219 716 4257 res
735 4200 838 4269 notior,
933 4195 1280 4278 6Αιιΐ]ἰινίει1ι”είι”οηἰότιε.
1314 4200 1431 4267 Ceteris·

298 4275 387 4352 quim
401 4286 434 4333 ut
446 4276 582 4353 exemplis
593 4278 727 4336 firmetur.
755 4280 837 4339 Ltes.
895 4300 951 4355 que
962 4282 1156 4358 potestatibus,
1166 4299 1231 4357 quae
1241 4280 1290 4357 jus
1301 4280 1431 4345 dicebant

338 4350 614 4414 ⁴Pulriisnmuibus.
648 4358 837 4433 Loqmturdc
895 4358 923 4415 in
936 4361 1097 4437 provinciis.
1140 4360 1354 4427 Emutinurbc
1373 4378 1429 4427 mn-

299 4433 401 4505 fluviis,
427 4444 460 4493 ut
485 4436 519 4493 dc
550 4438 624 4506 Diis,
651 4438 726 4492 undo
751 4439 836 4496 etism
895 4440 1035 4513 gistratus,
1055 4439 1083 4495 in
1106 4439 1259 4517 provinciis
1272 4450 1428 4520 potestates.

299 4531 367 4569 mox
380 4514 488 4571 accolas
498 4514 705 4573 Tiberis'vocat.
736 4518 837 4575 Amnes
896 4518 975 4576 Suet.
989 4518 1018 4575 in
1031 4518 1134 4576 Claud.
1150 4536 1249 4575 xxm.

295 4593 387 4667 patrii
397 4594 664 4670 sunt,dmsjoribus
672 4596 755 4666 culti,
766 4615 837 4672 quo-
935 4594 1081 4656 'Anrium
1090 4598 1238 4683 judicium.
1281 4598 1369 4669 Quod
1386 4614 1427 4663 ve·

298 4688 362 4727 rum
383 4672 481 4731 cultus
500 4674 519 4732 b
539 4675 696 4750 majoribus
714 4676 836 4735 traditus
895 4678 953 4740 rius
966 4690 1046 4756 puto.
