3200 5509
149 543 236 606 sc.
252 551 309 605 se.
462 541 684 602 summunt
705 543 825 603 nmen
845 504 1003 608 smnus
1228 559 1285 618 sn

151 690 324 770 defertur
346 701 370 738 “
386 685 564 768 incesttioe
578 695 721 785 filiamss’
740 685 775 769 et
789 722 874 770 saxo
888 699 1035 796 Tarpeio
1050 701 1224 800 dejicitur:
1249 731 1290 784 ac

152 835 202 884 ne
214 811 368 884 dubium
384 809 577 897 haberetur,
600 809 866 907 magnitudinem
878 814 1029 910 pecuttiae
1040 817 1131 888 malo
1139 819 1290 911 vertisse,

151 925 383 1022 aurariasque
402 927 499 1022 ejus,'
523 947 730 1022 quamquam
751 926 1014 1021 publicarentur,
1037 929 1169 1005 sibimet
1189 933 1291 1008 Tibe-

153 1039 232 1112 rius
249 1039 414 1136 seposuit.
462 1039 685 1140 Inritatusque
700 1039 896 1136 suppliciis·
915 1031 1066 1133 cunctos,
1083 1047 1141 1144 qui
1156 1071 1292 1124 carcere

154 1152 406 1243 attinebantur,
429 1147 573 1227 accusati
600 1155 763 1228 societatis
787 1182 868 1228 cum
893 1160 1027 1254 Sejano,
1050 1161 1161 1233 necari
1182 1165 1290 1260 jubet.

155 1266 276 1343 Jacttit
290 1269 457 1342 immensa
469 1285 613 1366 strages:
629 1269 742 1340 omnis
756 1261 871 1358 sexus,
887 1271 997 1343 omnis
1005 1287 1105 1346 aetas:
1123 1273 1292 1367 inlustres,

157 1368 361 1481 ignobiles?
383 1381 535 1478 dispersi,
567 1398 626 1453 aut
656 1383 827 1480 aggerati:
858 1406 969 1480 neque
995 1385 1204 1485 propinquis,
1233 1409 1293 1466 aut

156 1496 285 1569 amicis
300 1495 471 1583 adsistere,
486 1494 719 1592 inlacrymare,
742 1518 787 1568 ne
811 1497 917 1594 visere
937 1497 1075 1594 quidem
1091 1501 1292 1578 diutius'da-

159 1605 287 1698 batur3
313 1610 374 1682 sed
389 1603 594 1706 'circumjecti
615 1609 784 1697 custodes,
808 1626 844 1682 et
867 1611 902 1682 in
928 1635 1112 1686 moerorem
1128 1619 1293 1716 cujusque

160 1724 304 1812 intenti,
327 1746 472 1818 corpora
486 1719 673 1816 putrefacta
686 1724 965 1813 adsectabantur,³
991 1725 1074 1800 dum
1090 1727 1126 1799 in
1141 1731 1294 1808 Tiberim

161 1839 402 1911 traherentur:
428 1835 487 1908 ubi
502 1835 675 1925 fluitantia,
698 1855 756 1912 aut
771 1839 851 1934 ripis
874 1839 1026 1936 adpulsa,
1049 1865 1120 1914 non
1142 1869 1293 1922 cremare

162 1953 366 2050 quisquam,
396 1973 467 2022 non
498 1949 704 2050 contingere.
764 1953 980 2026 interciderat
1006 1949 1103 2029 sortis
1135 1957 1293 2035 bumana

162 2065 462 2140 commerciumvi
478 2065 606 2137 metus:
633 2083 866 2164 quantumque
878 2067 1002 2142 saevitia
1012 2070 1180 2168 glisceret,
1196 2073 1293 2148 mire·

163 2180 257 2254 ratio
273 2175 461 2254 arcebatur.

162 2459 168 2468 .
216 2407 282 2467 20.
307 2397 384 2468 Sus
399 2395 635 2491 idemtetnpus
651 2397 694 2471 C.
713 2397 858 2485 cesam
876 2395 1058 2470 discedenti
1074 2400 1222 2496 Capreas
1231 2406 1295 2478 avo

163 2533 303 2597 ¹comes,
338 2508 540 2602 Claudiam,5
580 2511 633 2583 Μ.
667 2510 771 2584 Silani
808 2511 925 2600 filiam,
953 2513 1110 2612 conjugio
1142 2516 1293 2611 accepit;

165 2623 357 2708 immanem
375 2623 525 2714 animum
540 2622 695 2716 ⁴subdolis
718 2623 883 2698 modestiit
908 2643 1037 2723 tegens,
1060 2650 1131 2700 non
1158 2628 1295 2729 damna-
1352 2637 1353 2640 ’

169 2736 266 2810 tione
298 2737 426 2825 matris,
449 2761 520 2810 non
548 2735 819 2838 exilionfiatrum
843 2739 944 2835 rupti
968 2763 1070 2830 voce,
1096 2743 1232 2838 qualern
1258 2743 1295 2817 in

171 2847 285 2923 diem⁶
301 2851 457 2942 Ttbeu'us
471 2851 645 2939 induisset,
668 2852 740 2948 pari
755 2852 884 2940 habitu,
900 2853 992 2926 haud
1007 2854 1159 2928 multllm
1174 2857 1297 2930 distan-

170 2965 266 3038 tibus
279 2964 401 3040 vetbis.
450 2966 556 3038 Unde
580 2989 666 3036 mox
689 2964 811 3038 scitum
834 2965 981 3040 Passieni
1002 2967 1143 3041 oratoris
1166 2968 1296 3044 dictum

170 3078 380 3174 percrebuit,
409 3081 573 3176 “Neque
604 3078 780 3153 meliorem
808 3081 986 3176 umquam‘
1002 3105 1152 3171 servum,
1182 3107 1295 3182 neque

173 3191 422 3268 “deteriorem
453 3191 631 3268 domiuum
660 3189 801 3268 unsre?
858 3195 942 3266 Non
973 3193 1144 3268 omiserim
1174 3219 1296 3293 prmae-

215 3389 226 3416 ¹
249 3391 440 3466 Aurarimque
456 3394 525 3467 ejus.
565 3391 660 3460 Quom
674 3392 712 3448 io-
760 3409 872 3451 carcere
885 3408 960 3449 unco
980 3391 1106 3450 dctracla
1124 3392 1154 3450 in
1169 3391 1294 3452 Tiberim

173 3485 229 3525 rax
255 3471 318 3527 auri
347 3470 433 3527 fuerit
463 3471 601 3546 Hispania
630 3471 712 3528 docet
760 3471 995 3546 projicerentur.-

177 3546 296 3617 Plinius‚
310 3567 434 3607 xxxin,
455 3555 483 3607 4.
496 3549 570 3608 Sect.
593 3557 641 3609 21.
664 3549 713 3605 Vi·
799 3547 814 3582 ⁴
834 3547 866 3607 C.
890 3547 992 3608 Coeror.
1032 3549 1137 3608 Dictus
1152 3549 1294 3627 Caligula

178 3645 244 3685 cmo
253 3627 342 3686 millio
350 3629 550 3705 pondo,Angl.
563 3630 712 3698 900,ooot.
801 3626 985 3686 'Claudiam
1026 3627 1121 3696 Quem
1145 3631 1295 3689 Suetonius

178 3706 215 3762 ed
232 3707 330 3766 lunc.
347 3709 452 3765 neodem
483 3708 562 3767 anais
595 3709 712 3787 cingulis
762 3707 887 3778 luceio,
910 3725 971 3768 xtt.
998 3705 1112 3766 leniam
1131 3707 1296 3768 Claudillam

179 3785 325 3843 Asturiam
359 3794 442 3862 atque
476 3786 645 3858 Golloeriom,
683 3795 712 3845 et
761 3786 896 3892 appellat.
916 3787 991 3844 Vide
1003 3795 1082 3844 stem.
1095 3787 1167 3844 Caes.
1178 3805 1206 3844 n.
1221 3793 1269 3852 87.

181 3861 353 3924 Lusitaniam
368 3874 503 3940 prestare
524 3867 633 3942 quidm
647 3887 713 3944 pro·
830 3865 944 3932 Qualem
955 3869 985 3926 io
997 3865 1075 3924 dicat.
1105 3867 1297 3944 Perperamin

181 3943 320 4016 riderent,
333 3945 375 4002 ita
386 3945 574 4022 utplurimum
594 3947 713 4004 Asturia
762 3944 841 4002 libris
853 3945 944 4014 editis,
962 3943 1066 4024 qualem
1079 3945 1158 4003 diem.
1198 3946 1296 4006 Libra·

179 4021 287 4098 gignat.
329 4025 427 4098 Neque
446 4023 474 4080 in
491 4023 548 4082 olid
565 4033 647 4102 parte
659 4033 715 4082 ter·
764 4025 869 4082 riorum
882 4041 973 4082 errore
991 4024 1020 4080 ia
1039 4023 1175 4082 excidisse
1191 4023 1297 4103 optime

183 4119 275 4160 rorum
285 4112 328 4160 tot
341 4103 438 4160 reculis
451 4103 505 4162 loer
514 4103 660 4175 fertilitas.
763 4103 834 4160 vidit
849 4104 956 4161 lllustr.
978 4101 1110 4162 Huetiur.
1151 4104 1248 4176 Cuius,
1260 4105 1298 4162 ad

218 4175 443 4259 'loricamque
461 4168 611 4258 oppress.
659 4183 714 4241 rot
764 4182 954 4241 mutationem
967 4199 1029 4240 com
1082 4181 1146 4254 tto,
1165 4184 1299 4262 poterat

171 4255 714 4338 bominumsuppliciisirtitebaturitn·
764 4262 875 4332 babitu,
897 4262 1010 4337 qualem
1055 4261 1159 4322 iberius
1177 4264 1206 4320 in
1225 4263 1299 4326 diem

172 4339 276 4397 mitior
299 4341 437 4399 Tiberius.
472 4342 604 4399 ,Animos
627 4341 714 4417 tnagis
764 4341 909 4411 induisset,
921 4359 1011 4417 neque
1030 4341 1154 4400 multum
1175 4342 1301 4402 distanti·

128 4459 132 4466 .
183 4433 218 4473 ac
228 4421 315 4496 magis
326 4421 421 4478 efferat
430 4420 604 4479 crudelitatis
622 4439 715 4478 assue-
768 4421 932 4490 butverbia,
951 4421 992 4478 ita
1012 4428 1046 4478 ut
1061 4437 1147 4479 avum
1163 4439 1301 4483 suumre

172 4498 262 4556 tudo.
488 4545 492 4552 .
756 4499 997 4558 lerrevideretur.
1037 4497 1301 4568 Quaerendae

222 4572 234 4604 ³
267 4580 523 4638 Adrettoboutur...
554 4579 717 4637 Putresacta
765 4578 926 4636 vinciendos
948 4597 1024 4636 senes
1042 4578 1123 4636 nulle
1144 4579 1243 4640 melior
1266 4599 1302 4642 ac

186 4652 236 4714 illa
247 4675 365 4734 corpora
383 4658 600 4733 comitabantur,
620 4659 716 4718 dume
767 4658 869 4722 certior
880 4667 971 4738 potest
982 4657 1145 4737 excogitari.
