3200 5509
171 585 316 656 acan.
454 577 679 644 auuauuu
701 575 823 642 manu
840 581 1032 652 QUln'TUS.
1252 595 1313 660 ω,

223 751 261 814 a.
286 742 350 813 Ar
366 737 569 825 Tuumne,
589 735 688 834 qubd
702 737 870 834 supremis
895 736 930 810 iu
954 756 1100 814 manem
1115 741 1231 820 officiis
1253 747 1313 822 de.

170 850 305 942 fuiaaet,
320 852 406 926 nibil
419 849 552 925 mutati
565 847 761 924 amenitate
770 851 864 940 ute,
881 859 907 895 “
922 853 1190 952 magnitudinem
1205 883 1313 960 nego*

172 975 201 1014 ‘⁴
215 969 369 1042 tinmm”
394 966 581 1064 perliceran
596 963 791 1040 excusavite
818 967 1313 1076 honoresquememoriceejm

169 1079 1101 1180 mmuuurgequuanpumodeemn
1126 1085 1309 1181 imminuit,

169 1198 290 1296 paucis
304 1196 498 1270 admodum
511 1193 669 1292 receptis,
692 1211 728 1268 et
740 1193 871 1284 addito,
896 1201 922 1238 “
938 1219 982 1270 ne
997 1199 1145 1272 coelende
1165 1201 1308 1302 reiifflu⁸

170 1313 478 1400 “decerneretun
505 1309 552 1384 uic
573 1308 683 1406 ipram
705 1308 900 1382 maiuiere.”
951 1310 1311 1416 Quinetparteejue·

169 1427 256 1502 dem
269 1423 603 1523 epimolaeincrepuit
619 1425 645 1466 “
660 1421 822 1496 amicitiae
831 1423 1054 1514 muiiebree,”
1071 1425 1209 1502 Fufium
1226 1457 1308 1506 con.

167 1541 285 1614 nrietn
307 1534 448 1637 obliqui
472 1537 724 1636 perauingene.
749 1538 779 1610 is
806 1537 916 1638 gratii
939 1543 1109 1638 Auguntae
1134 1541 1308 1636 floruerat,

167 1649 861 1751 apamalliciendiafoeminarumanimia3
887 1653 987 1731 dicax
1002 1653 1108 1744 idem,
1131 1655 1312 1733 etTaberi·

169 1795 234 1842 um
252 1768 385 1842 acerbis
406 1766 537 1842 ficetis
559 1767 707 1842 inridere
729 1767 870 1844 notius:
896 1791 1043 1865 quarum
1066 1771 1158 1866 apud
1174 1797 1308 1872 propn-

168 1899 280 1958 tem
294 1884 331 1956 in
346 1884 494 1982 longum
506 1880 672 1956 mmaoria
686 1898 749 1954 eet.

218 2091 254 2152 3.
281 2082 479 2154 Caranum
497 2105 543 2170 ex
558 2104 601 2154 eo
616 2094 790 2176 praerupta
799 2080 872 2176 jam
896 2093 930 2152 et
954 2101 1083 2178 urgens
1097 2081 1304 2163 dominatio:

165 2215 250 2268 nam
263 2193 428 2270 incolumi
443 2193 618 2293 Augusti,
642 2210 713 2268 erat
733 2193 846 2266 adbuc
862 2190 1084 2290 perfugium
1109 2196 1189 2293 quia
1204 2195 1329 2275 Tibe-s

165 2308 221 2383 rio
246 2307 471 2382 inveteratum
496 2333 579 2407 erga
605 2325 750 2384 mattam
774 2306 990 2404 obsequium,
1021 2330 1144 2404 neque.
1162 2312 1311 2409 Seiam

164 2421 315 2497 audebat
328 2423 518 2499 auctoritati
540 2421 689 2522 parentis
710 2421 849 2498 anteire.
898 2423 1000 2496 Tunc
1015 2421 1111 2496 velut
1123 2421 1230 2500 fram
1246 2451 1307 2500 eit·

164 2535 270 2610 uoluti
285 2555 537 2634 proruperunt:
563 2537 742 2636 numque
762 2536 800 2610 in
815 2535 1043 2634 Agrippinam
1064 2560 1104 2608 ac
1125 2537 1311 2628 Netum

164 2647 287 2740 litetae,
311 2676 396 2750 quas
411 2651 545 2750 pridem
559 2653 699 2742 adnue,
715 2670 750 2726 et
764 2651 928 2726 cohibitas
944 2651 988 2726 ab
1004 2649 1310 2749 Augusti„credi

163 2763 218 2838 dit
231 2766 378 2864 vulgus:
404 2766 497 2839 haud
522 2766 614 2840 euim
636 2767 790 2840 multum
805 2781 882 2862 post
897 2780 1045 2838 mortem
1061 2765 1134 2862 ejus
1154 2764 1311 2855 recitata

163 2895 257 2952 sunt
298 2881 414 2954 Verba
427 2879 560 2955 inerant
575 2879 717 2978 quaesiti
731 2879 928 2976 anperitate:
946 2878 1007 2950 sed
1022 2900 1093 2950 nou
1109 2901 1216 2968 arma,
1231 2903 1303 2954 non

163 3017 285 3070 rerum
307 3017 476 3069 novarum
503 2995 676 3087 studium3
703 3001 729 3037 “
745 3017 879 3066 amores
894 2995 1074 3091 juvenum,
1099 3009 1133 3065 et
1155 2991 1303 3090 impudi-

164 3113 192 3152 “
208 3107 346 3182 citiam'’
364 3109 479 3208 nepoti
494 3111 704 3210 objectabat:
728 3107 765 3182 in
781 3111 933 3182 nurum²
957 3131 1001 3178 ne
1016 3105 1052 3180 id
1068 3105 1209 3204 quidem
1220 3131 1301 3184 con·

163 3219 297 3320 fingere
309 3246 423 3313 ausus,
447 3230 473 3267 “
488 3223 722 3322 adrogantiam
738 3221 806 3296 oris
818 3239 852 3296 et
868 3237 1105 3294 contumacem
1121 3219 1301 3298 utimum”

162 3335 342 3428 incusavit,
360 3361 487 3437 magno
501 3337 641 3413 eenatds
664 3360 791 3433 pavore
818 3360 857 3410 ac
883 3333 1035 3408 silentio:
1062 3333 1172 3406 donec
1189 3337 1308 3430 pauci,

162 3448 260 3548 queis
275 3451 370 3526 nulla
385 3478 430 3526 ex
446 3453 590 3527 honesto
606 3455 708 3548 spes,³
725 3470 759 3525 et
775 3449 912 3550 publica
927 3449 1016 3522 mata
1032 3446 1172 3546 singulis
1190 3449 1226 3522 in
1243 3475 1300 3526 oc·

163 3563 335 3638 caniomm
359 3565 477 3664 gratiae
502 3567 702 3656 trahuntur,
719 3572 746 3609 ‘⁴
772 3585 811 3638 ut
834 3563 1045 3637 referretur”
1073 3563 1300 3658 postulavere,

162 3677 393 3774 promtisaimo
427 3679 531 3754 Cotti
554 3681 764 3753 Messalino⁴
790 3705 873 3756 cum
896 3677 1002 3754 atroci
1025 3675 1213 3752 sententia:
1238 3681 1308 3754 aed.

162 3790 236 3864 aliis
268 3791 291 3864 i
318 3793 536 3890 primoribus,
563 3793 782 3892 maximeque
812 3795 833 3868 i
862 3790 1123 3892 magistratibus,
1156 3791 1301 3890 trepida-

161 3907 285 3978 butur:
311 3905 437 4004 quippe
463 3907 635 3999 Tiberius,
659 3909 721 3983 etsi
744 3907 876 3983 infensi
903 3909 1069 3994 invectus,
1094 3921 1206 3980 cetera
1229 3929 1300 3980 am·

161 4019 268 4119 bigua
282 4019 475 4119 reliquerat.

210 4229 248 4290 4.
272 4219 373 4290 Foru
389 4217 427 4292 in
440 4236 558 4294 uenatu
572 4218 694 4294 Juniue
716 4217 892 4309 Rusticus,
908 4213 1152 4318 componendis
1164 4231 1300 4316 mutim

203 4411 215 4438 ¹
237 4413 361 4475 Cebetis
373 4417 482 4495 religio.
512 4416 588 4476 Vide
600 4427 660 4476 not.
676 4428 703 4475 ct
755 4419 852 4497 gratiae
866 4419 1027 4496 captabunt.

162 4495 322 4556 emended
336 4499 411 4556 Anu.
425 4515 456 4555 v.
469 4504 499 4555 9.
794 4493 812 4530 ⁴
823 4497 908 4558 Cotta
920 4495 1083 4555 Messalino.
1105 4493 1181 4554 Intra
1194 4492 1298 4552 Annei

199 4570 217 4600 ²
236 4575 393 4635 Iouerum.
414 4577 447 4634 iu
460 4576 655 4656 Agrippinam.
757 4595 802 4638 vi.
820 4583 848 4637 5.
870 4585 903 4636 ut
921 4575 1074 4637 amuaimoe
1091 4579 1222 4654 opusque
1240 4592 1300 4632 een-

200 4649 215 4684 ³
227 4654 322 4712 Nulla
334 4673 366 4712 cr
379 4657 490 4714 iorcctn
500 4676 572 4736 aper.
585 4661 629 4715 Ac
640 4675 704 4734 pro-
756 4659 851 4718 tcatioe
862 4665 960 4718 auctor
972 4655 1110 4736 arguitur.

163 4733 227 4792 inde
239 4753 276 4792 ex
288 4733 507 4812 publicis·maiie
526 4735 703 4797 occasionem
1208 4733 1212 4746 ’
