3200 5509
380 540 437 599 AD
459 538 534 598 Lln.
553 537 609 595 VI.
630 534 731 595 ANN.
752 531 787 592 C.
808 531 1098 594 CORN.'1'AClTl.
1268 541 1324 595 5³5

225 776 315 841 Cae.
327 777 381 843 46.
405 786 445 841 nt
459 772 652 841 contumelias
665 781 825 837 uerterent.
861 767 911 835 Ita
925 793 1006 855 saepe
1020 768 1148 835 Tacitus
1162 782 1193 835 et
1206 771 1315 855 optimi

180 885 356 970 scriptores,
377 886 490 951 omiseo
502 908 542 951 re.
974 933 978 940 -

227 994 269 1059 In
287 994 442 1080 polientici
451 993 676 1081 firmitudinem
700 992 856 1059 simulans.
900 990 1014 1057 Mallet
1035 992 1191 1073 Muretus,
1217 995 1315 1079 impa-

181 1104 299 1171 tientid.
344 1105 461 1173 Melina
485 1105 642 1185 Erneatua,
662 1100 918 1189 intemperantiis
939 1103 1031 1188 idque
1044 1101 1140 1167 innuit
1154 1103 1315 1171 Suetonina

181 1216 214 1281 in
235 1216 342 1281 Tiber.
369 1238 488 1280 nxxrr.
532 1204 553 1254 ‘³
568 1215 605 1279 ln
627 1213 793 1298 graviorem
817 1212 923 1277 recidit
949 1214 1108 1277 morbum:
1144 1215 1317 1280 sustentavit

181 1336 282 1389 tamen
308 1324 503 1411 aliquamdiu,
534 1324 669 1411 quamvis
698 1322 858 1387 Misenum
885 1344 982 1409 unque
1009 1323 1150 1389 devectus
1174 1324 1249 1391 nihil
1275 1350 1315 1390 er

182 1436 287 1500 ordine
309 1435 485 1521 quotidiano
508 1434 758 1521 praetermitteret,
779 1457 818 1499 ne
841 1432 978 1497 convivia
998 1432 1121 1519 quidem
1142 1458 1178 1499 ac
1201 1448 1316 1501 aeterua

182 1542 363 1631 voluptates,
375 1545 494 1630 ¹partim
508 1543 749 1629 intemperantii,
771 1542 882 1630 partim
895 1542 1162 1617 dissimulatione.'’
1205 1544 1315 1610 Nolim

182 1666 283 1719 tamen
296 1653 447 1739 vulgatam
461 1634 651 1741 acript'nranrss
673 1653 787 1718 illustr.
803 1651 923 1719 Huetio
936 1655 1146 1738 approbatam,
1163 1656 1315 1721 damnare.

225 1864 313 1929 Cae.
327 1873 380 1931 48.
405 1862 559 1929 Ludibrio
574 1874 603 1929 et
620 1862 771 1949 pericula.
815 1859 969 1946 corrupti
992 1860 1069 1927 MS.
1095 1862 1179 1929 Flor.
1192 1864 1315 1949 pericu-

182 1974 275 2053 laria,
296 1974 405 2038 ultimi
419 1973 535 2058 syllabd
549 1997 586 2037 ex
601 1996 676 2038 voce
698 1972 853 2059 superiore
874 1970 1012 2056 repetitu,
1033 1983 1068 2035 ut
1090 1975 1173 2037 recti
1196 1974 1316 2039 monuit

183 2084 340 2151 Erneetus.
384 2082 455 2147 Nec
479 2086 655 2150 tentandum
679 2106 749 2148 cum
784 2080 905 2167 Lipeio,
933 2080 1073 2169 pericula
1097 2084 1207 2161 φανίας
1242 2108 1314 2149 cum

180 2192 351 2271 Gronovio,
367 2192 506 2281 pericula
520 2204 575 2258 tot.

226 2300 384 2366 Carsidius
399 2301 555 2367 Sacerdos.
598 2302 636 2367 In
651 2303 775 2387 vulgatis
789 2303 885 2381 libris,
908 2302 1081 2368 Garridiur.
1112 2302 1199 2368 Beni
1212 2329 1316 2373 emen·

183 2411 263 2477 davit
277 2412 432 2490 Erneetus,
454 2424 488 2477 ut
501 2425 585 2498 patet
599 2437 637 2477 ex
651 2413 737 2477 dictis
751 2414 781 2477 in
794 2426 858 2477 not.
872 2426 903 2477 et
916 2415 1034 2477 emend.
1049 2413 1161 2477 Annal.
1177 2437 1225 2479 1v.
1243 2426 1291 2482 13.

224 2523 257 2588 Α
269 2521 453 2587 letantibus.
496 2522 653 2587 Acidaliae
667 2525 776 2588 frustm
791 2523 1038 2609 praepositionem
1050 2522 1173 2589 omittit.

225 2718 313 2784 Cae.
326 2728 381 2793 49.
403 2718 594 2806 Luciumque
607 2743 799 2785 communem.
832 2718 920 2785 Male
937 2732 1033 2786 tentat
1047 2718 1180 2805 Lipsius,
1195 2722 1313 2789 lectum.

225 2827 407 2893 Miseranda
422 2828 475 2893 diu
488 2828 603 2916 ferret.
646 2828 804 2915 Ingeniosd
829 2830 962 2919 conjecit
986 2828 1122 2915 Lipsius,
1142 2833 1315 2901 miseranda

182 2938 325 3024 differret.
367 2937 459 3004 Imd:
483 2939 526 3003 vir
545 2939 632 3019 aliua,
664 2940 840 3023 diufleret:
874 2941 956 3026 qnod
981 2941 1006 3003 ai
1029 2942 1102 3025 qnid
1125 2948 1314 3025 mutandum,

183 3048 304 3113 mallem
318 3047 439 3133 ap‘erret
453 3048 499 3111 vel
514 3048 642 3131 efferrn,
664 3061 698 3113 ut
711 3048 835 3134 afferret
848 3049 1025 3132 significaret
1038 3049 1118 3115 idem
1129 3055 1211 3137 quod
1224 3054 1318 3120 erlol-

182 3158 266 3236 leret,
287 3169 421 3245 augeret.
466 3156 544 3221 Vide
568 3156 664 3222 Mise.
693 3158 772 3223 Oba.
802 3180 883 3223 v111.
918 3166 991 3232 291.
1035 3158 1173 3226 Probant
1192 3185 1316 3231 omnen:

183 3290 272 3332 nemo
295 3278 395 3331 tamen
428 3277 560 3331 veterem
584 3266 763 3351 scripturam
789 3268 926 3348 mutavit,
955 3267 1039 3353 qubd
1065 3268 1145 3333 forti
1168 3273 1233 3337 heo
1255 3275 1316 3357 din,

182 3360 429 3457 muliebrium,
445 3376 615 3463 jactaverit.

224 3570 313 3637 Can.
336 3580 388 3639 ⁵0.
412 3568 478 3636 Per
501 3572 624 3656 speciem
649 3572 749 3671 anicii..
793 3574 961 3658 Perperam
984 3587 1080 3639 tentat
1106 3574 1240 3661 lipsius,
1255 3602 1314 3665 per

181 3684 305 3767 speeiem
319 3681 422 3775 osculi.
601 3700 604 3707 ·

224 3812 317 3857 xvir.
341 3790 417 3856 Kal.
433 3790 562 3877 Aprilis.
606 3790 655 3857 lta
673 3790 749 3856 MS.
774 3792 857 3857 Flor.
882 3806 913 3859 et
935 3792 1093 3859 Erneatna.
1136 3792 1173 3859 In
1187 3797 1312 3881 vulgatis

180 3902 276 3983 libris,
297 3902 410 3967 decimo
420 3902 545 3988 septimo
561 3898 696 3967 Kalend.
712 3902 843 3990 Aprilis.
880 3902 930 3967 Eu
944 3902 1127 3969 Corneliano
1140 3926 1197 3970 neu
1210 3908 1312 3991 putida

182 4014 351 4090 dicendum,
372 4012 495 4097 septimo
520 4010 632 4075 deciam
654 4010 814 4077 Kalendae
829 4011 961 4098 Aprilu,
983 4026 1017 4078 ut
1039 4012 1122 4079 recti
1145 4017 1262 4081 monuit
1274 4019 1310 4086 J.

183 4124 233 4189 Fr.
248 4123 434 4188 Gronovius.
458 4122 569 4209 Sicque
593 4122 813 4187 emendandum
836 4122 954 4187 videtur
976 4124 1059 4208 apud
1081 4124 1259 4192 Suetonium
1282 4128 1312 4195 in

180 4230 286 4300 Tibur.
303 4248 439 4297 nxxrrr.

227 4342 345 4409 Octava
358 4352 386 4407 et
399 4342 614 4430 reptuageeima
638 4340 738 4407 atatis
761 4364 854 4409 anno.
898 4340 1079 4407 Communia
1101 4359 1147 4409 eat
1170 4350 1313 4415 sententia

182 4453 340 4521 'liberium
354 4466 457 4519 natnrn
481 4476 546 4519 erae
569 4472 646 4518 xvr.
670 4452 821 4520 Kalendae
836 4452 1031 4535 Decembria,
1053 4453 1167 4522 Marco
1182 4458 1311 4526 AEmilio
