3200 5509
330 523 386 586 146
403 573 406 578 Δ
685 523 720 586 C.
740 522 937 582 CORNELII
955 519 1092 582 'l'ACI'l'l
1234 528 1273 584 A.
1284 525 1323 584 U.
1335 527 1370 586 C.
1381 533 1454 596 772.

325 705 421 752 arma
435 675 547 774 primd
574 674 774 774 expediere:
800 675 879 749 dein
907 675 1027 758 mutui
1053 674 1248 767 formidine,
1274 703 1346 752 non
1366 681 1456 756 ultra

322 794 475 892 jurgium
492 815 687 888 processum
703 807 773 864 est:
799 793 1004 888 Marsusque
1019 791 1138 874 Vibius
1152 791 1454 884 nuntiavitPisoni,

326 913 352 949 “
371 909 519 978 Romam
534 907 577 976 ad
594 904 770 977 dicendam
787 929 923 978 causam
936 905 1103 978 veniret.”
1152 907 1215 978 Ille
1229 907 1373 980 eludens
1384 933 1453 983 res-

325 1020 457 1117 pondit,
470 1027 495 1062 “
512 1019 722 1108 adfuturum,
739 1021 797 1092 ubi
808 1038 947 1116 praetor,
959 1021 1018 1118 qui
1033 1021 1077 1092 de
1091 1021 1262 1094 veneficiis
1273 1039 1454 1118 quareret,

327 1143 352 1176 “
369 1160 428 1206 reo
445 1149 545 1232 atque
557 1135 804 1206 accusatoribus
820 1133 910 1206 diem
926 1133 1172 1229 praedixisset.”
1222 1136 1359 1208 Interim
1380 1138 1456 1210 Do·

327 1248 439 1320 mitius
464 1247 689 1334 Laodiceam,¹
720 1248 840 1320 urbem
868 1247 988 1344 Syrias,
1016 1249 1189 1344 adpulsus,
1208 1250 1294 1322 ctim
1313 1251 1456 1324 hiberna

325 1380 432 1436 sextae
450 1362 589 1459 legionis
618 1376 757 1458 peteret,
786 1363 883 1457 qubd
909 1387 985 1434 eam
1011 1362 1161 1436 maxime
1188 1364 1286 1437 novis
1309 1363 1456 1438 consiliis

326 1478 483 1549 idoneam
499 1478 648 1564 rebatur,
665 1477 685 1546 i
701 1476 848 1548 Pacuvio
869 1477 981 1574 legato
999 1477 1214 1574 praevenitur.
1265 1479 1304 1551 Id
1320 1478 1456 1552 Sentius

233 1595 239 1614 “
326 1592 439 1665 Pisoni
455 1617 516 1686 per
532 1592 642 1664 literas
651 1592 770 1688 aperit,
782 1611 966 1690 monetque
981 1599 1007 1636 “
1017 1618 1061 1665 ne
1071 1594 1456 1690 casuacorruptonbus,

328 1713 354 1748 “
371 1730 414 1778 ne
444 1706 655 1802 provinciam
676 1706 767 1778 bello
792 1723 898 1778 tentet
908 1708 945 1777 :”
981 1731 1135 1803 quosque
1158 1707 1354 1780 Germanici
1385 1733 1456 1788 me·

329 1845 453 1908 mores,
485 1837 543 1891 aut
570 1820 709 1890 inimicis
738 1822 810 1917 ejus
839 1820 997 1899 adversos
1025 1838 1243 1917 cognoverat,
1275 1823 1456 1912 contrabit,

328 1934 636 2032 “magnitudinem
674 1934 937 2030 Imperatoris”²
977 1934 1172 2007 idemtidem
1211 1935 1382 2034 ingerens,
1420 1956 1457 2010 et

328 2047 613 2143 “rempublicam
635 2049 736 2122 armis
763 2049 832 2145 peti
843 2050 880 2120 :''
905 2049 1066 2147 ducitque
1080 2050 1225 2124 validam
1240 2073 1395 2140 manum,
1422 2069 1457 2125 et

328 2161 445 2258 praelio
461 2179 620 2258 paratam.

379 2405 436 2466 80.
461 2395 545 2466 Nae
563 2393 663 2483 Piso,
680 2417 887 2490 quamquam
902 2410 1014 2489 coepta
1033 2417 1130 2468 secus
1153 2393 1333 2482 cadebant,
1348 2392 1459 2470 onidt

327 2509 491 2582 tutissima
516 2507 535 2578 ὲ
561 2507 804 2603 praesentibus:
841 2507 902 2578 sed
930 2506 1105 2585 castellum
1131 2506 1259 2586 Ciliciae
1287 2508 1458 2581 munitum

329 2619 533 2708 admodum,
558 2620 612 2692 cui
629 2645 754 2692 nomen
771 2619 974 2708 celerum}
990 2637 1143 2717 occupat.
1191 2623 1286 2694 Nam
1301 2623 1460 2696 admixtis

330 2734 570 2821 desertoribus,
586 2751 619 2806 et
635 2735 743 2806 tirone
759 2759 870 2832 nuper
884 2735 1082 2831 intercepto,
1097 2735 1232 2832 suisque
1244 2753 1279 2808 et
1289 2736 1460 2817 Plancium

330 2847 483 2936 servitiis,
507 2847 630 2920 auxilia
647 2849 807 2938 Cilicum,
821 2875 899 2946 quae
915 2850 1025 2948 reguli
1037 2849 1208 2939 miserant,
1223 2849 1260 2921 in
1275 2875 1459 2924 numerum

330 2961 471 3059 legionis
494 2981 737 3058 composuerat.
789 2972 814 3006 “
833 2965 1043 3061 Caesarisque
1063 2989 1100 3037 se
1119 2964 1296 3063 legatum”
1320 2969 1461 3040 testaba-

330 3093 387 3147 tur
413 3082 437 3118 “
454 3075 638 3170 provincii,
663 3103 766 3173 quam
781 3078 810 3151 is
825 3079 982 3168 dedisset,
997 3077 1116 3167 arceri,
1132 3103 1203 3150 non
1224 3079 1246 3156 i
1270 3078 1463 3178 legionibus

330 3197 359 3232 ‘⁰
374 3191 509 3288 (earum
534 3191 657 3287 quippe
691 3192 798 3264 accitu
831 3191 964 3285 venire)
992 3193 1098 3264 sedi
1129 3193 1257 3281 Sentio,
1290 3192 1461 3288 privatum

330 3312 356 3348 “
373 3305 491 3376 odium
506 3302 596 3384 falsis
612 3304 807 3378 crimimbus
822 3321 977 3403 tegente:
1004 3305 1222 3379 consisterent
1233 3307 1269 3378 in
1289 3307 1374 3395 acie,
1389 3331 1461 3379 non

331 3417 572 3516 “pugnaturis
599 3417 772 3507 militibus,
810 3419 868 3491 ubi
900 3420 1059 3493 Pisonem
1081 3423 1125 3494 ab
1155 3420 1259 3516 ipsis⁴
1279 3432 1461 3516 parentem

330 3539 357 3576 ‘⁴
374 3534 547 3629 quondam
562 3533 780 3629 appellatum,
796 3535 913 3631 sijure
928 3552 1098 3632 ageretur,
1114 3536 1295 3632 potiorem,
1305 3535 1334 3609 si
1346 3535 1462 3624 armis,

330 3654 356 3690 ‘⁴
372 3671 443 3720 non
457 3646 642 3738 invalidum
658 3646 853 3720 vidissent''
902 3649 996 3720 Tum
1011 3673 1076 3745 pro
1096 3648 1313 3740 munimentis
1335 3649 1462 3736 castelli

370 3925 570 3985 'Laodiceam
600 3926 687 3990 Nunc
711 3925 811 3997 Ludit,
825 3945 871 3984 ur-
922 3927 1106 3997 maritimum,
1118 3947 1195 3987 nunc
1218 3929 1332 3987 Κάπυν
1349 3949 1405 3988 eme
1419 3932 1463 3988 vi·

332 4007 394 4066 bon
408 4009 504 4080 Syriae.
922 4009 1014 4075 detur,
1026 4008 1062 4064 ad
1074 4025 1208 4067 occasum
1220 4009 1297 4066 urbis
1312 4009 1461 4069 Seleuciae.

370 4081 384 4108 ²
407 4085 631 4162 Magnitudinem
679 4081 869 4159 imperatoris.
961 4084 1043 4143 *ΗΜ
1067 4086 1193 4146 Pisonem
1213 4090 1247 4146 ab
1268 4088 1346 4165 ipsis.
1385 4089 1461 4146 Con·

332 4163 510 4238 lllajestatem
531 4163 635 4220 Tiberii
661 4163 809 4240 Principis,
835 4177 868 4221 ut
920 4165 1046 4224 sisterent
1068 4166 1098 4223 in
1121 4167 1193 4236 acie,
1215 4187 1271 4229 non
1295 4169 1461 4244 pugnaturis

331 4243 408 4298 rectis
421 4242 742 4317 explicantGronoviut,
756 4243 869 4299 Davan-
922 4245 1071 4315 militibus,
1093 4247 1143 4307 ubi
1166 4248 1297 4306 vidissent
1317 4244 1459 4317 Pisonem,

332 4321 386 4378 zati
419 4333 449 4378 ct
478 4321 605 4378 Gordon.
660 4315 739 4380 Mali
772 4333 868 4378 autem
922 4325 959 4380 ob
971 4325 1038 4400 ipsis
1054 4335 1196 4400 parentem
1208 4327 1364 4401 quomam,
1373 4345 1460 4402 supra

331 4399 536 4456 Freinshemius
567 4413 596 4458 et
627 4401 741 4459 Amclot
773 4401 808 4456 de
840 4401 869 4457 la
922 4421 986 4480 cap.
1012 4408 1060 4460 55.
1090 4407 1290 4482 appellatum
1320 4406 1457 4482 potiorm

332 4479 479 4548 Houssaie,
507 4481 720 4558 magnitudinem
752 4479 868 4536 Germa-
923 4483 1044 4551 certe‚si
1052 4485 1118 4558 jure
1139 4496 1287 4560 ageretu13
1311 4485 1460 4543 necetiam

332 4557 397 4614 mici.
923 4561 1434 4636 mumdummiumirdecertumur.

371 4629 553 4696 'celeraria
614 4638 763 4716 Oppidum
794 4637 868 4698 illud
