3200 5509
299 528 373 593 ast
678 524 925 590 oconunnu
943 524 1081 588 mom
1224 533 1264 590 Α.
1277 530 1361 590 uc.
1374 536 1443 599 ns.

313 682 438 773 validi,
461 680 516 756 vel
532 681 617 755 cnm
628 697 740 777 patres
751 682 933 777 pollerent,
956 683 1129 757 noscenda
1142 682 1240 783 vulgi
1254 700 1384 774 intuta,
1403 706 1440 761 et

313 800 437 897 'quibus
463 797 573 870 modis
589 812 819 891 temperanter
841 796 1045 887 haberetur3
1071 800 1280 897 senatusque
1301 816 1338 871 et
1359 800 1440 897 opti-

314 914 456 987 metium
483 911 617 1010 ingenia
647 910 708 1007 qui
730 905 1181 1007 *maximdperdidicerann
1217 914 1339 987 callidi
1362 930 1444 986 tem·

312 1050 437 1125 porum
453 1044 487 1101 et
503 1026 668 1122 sapientes
690 1025 935 1098 ‘credebanturt
961 1026 1011 1101 sic
1026 1022 1310 1117 conversostam,
1320 1104 1325 1111 ,
1335 1052 1446 1124 neque

312 1142 380 1215 uit
394 1166 434 1231 re
446 1139 630 1227 Romane,¹
659 1137 766 1235 quim
775 1137 810 1211 si
818 1163 907 1213 unus
919 1139 1102 1237 imperitet,
1125 1142 1201 1215 haec
1213 1144 1371 1239 conquiri
1383 1161 1446 1215 tra·

313 1258 418 1354 dique
432 1257 468 1329 in
483 1278 558 1341 rem
573 1250 693 1326 fuerit:
719 1252 799 1349 quia
813 1252 912 1348 pauci
927 1255 1121 1350 pmtlentifi,
1145 1256 1341 1341 honestaab
1357 1258 1447 1329 dete·

314 1372 473 1459 rioribus,
498 1368 645 1442 utiliaab
658 1366 770 1439 noxiis
781 1367 995 1460 disoernunt3
1012 1372 1141 1467 plures,
1164 1372 1311 1453 aliorum
1321 1372 1446 1455 eventis

314 1484 492 1559 docerttur.
545 1482 714 1565 Ceterum
744 1496 783 1554 ut
807 1482 1001 1580 profutura,
1018 1484 1071 1557 ita
1094 1484 1277 1558 minimum
1301 1486 1445 1558 oblecta·

314 1598 415 1674 tionis
435 1595 612 1675 adferunt:
638 1620 725 1673 nam,
736 1596 821 1671 situs
848 1586 1014 1697 gentium,
1038 1600 1212 1681 varietates
1236 1600 1447 1697 praeliorum,

315 1713 397 1791 clari
419 1714 548 1787 ducum
564 1711 687 1801 exitus,
712 1712 858 1795 retinent
873 1738 911 1787 ac
928 1715 1159 1813 redintegrant
1175 1714 1366 1813 legentium
1379 1714 1448 1785 ani-

316 1848 439 1903 mum:
466 1850 530 1900 nos
544 1850 650 1910 ,saeva
677 1830 783 1925 jussa,
818 1829 994 1904 continuas
1025 1829 1267 1919 accusationes,
1313 1826 1448 1900 fallaces

314 1940 487 2031 amicitiae,
510 1940 697 2039 perniciem
719 1942 964 2034 innocentium,
989 1963 1024 2017 et
1048 1947 1184 2025 easdem
1210 1944 1307 2018 exitu
1332 1966 1449 2018 causat

316 2057 576 2156 conjungimus3
607 2056 708 2129 obvia
723 2081 841 2129 rerum
852 2056 1082 2147 similitudine,
1103 2076 1138 2131 et
1153 2058 1314 2131 satietate.
1356 2060 1449 2129 Tum

315 2172 413 2270 quod
438 2170 583 2267 antiquis
603 2168 823 2267 scriptonhus
847 2195 946 2253 rarus
966 2175 1189 2261 obtrectator3
1215 2194 1330 2269 neque
1345 2170 1449 2244 refert

315 2290 529 2384 cujusquam
553 2284 696 2361 Punicas
719 2286 935 2359 Romanasne
953 2288 1042 2360 acies
1067 2288 1182 2361 laetitio
1209 2285 1391 2359 extulerisz'
1414 2300 1448 2367 at

316 2400 519 2488 multorum,
543 2399 616 2495 qul,
640 2398 778 2471 Tiberio
791 2417 944 2498 regente,
968 2424 1108 2498 poenam
1117 2401 1173 2474 vel
1188 2398 1449 2472 infamiamsub·

316 2514 409 2601 iere,
423 2513 548 2609 posteri
563 2530 717 2601 manent:
743 2530 851 2611 utque
866 2513 1002 2589 familias
1012 2516 1094 2612 ipsae
1105 2518 1186 2615 jam
1193 2513 1446 2604 extinctaesint3

317 2626 539 2722 reperiesqui
556 2629 602 2698 ob
618 2625 871 2709 similitudinem
894 2653 1046 2718 morum,
1069 2630 1177 2701 aliena
1194 2626 1373 2703 malefacta
1387 2627 1448 2701 sibi

291 2740 476 2837 ¹objectari
497 2756 632 2834 putent:
658 2740 758 2814 etiam
782 2744 892 2840 gloria
911 2768 951 2817 ac
970 2744 1076 2818 virtus
1095 2742 1245 2821 infensos
1270 2744 1386 2831 habet,
1408 2758 1446 2814 ut

316 2852 416 2929 nimis
432 2846 476 2927 en
486 2853 697 2953 propinquo,²
714 2856 846 2933 diversa
854 2881 1010 2959 arguens.
1044 2860 1115 2934 Sed
1122 2861 1165 2932 ad
1174 2858 1447 2956 incoeptaredeo.

318 3148 322 3157 ’
385 3142 391 3163 ’
516 3262 517 3265 ,
587 3132 912 3309 ,suestra
961 3203 1131 3277 scos.

366 3438 425 3501 34.
459 3428 663 3503 Conurnro
697 3432 821 3520 Cosso,
857 3430 1168 3531 AsinioAgripph
1205 3429 1446 3519 Consulibus)

277 3656 279 3660 ι
319 3542 514 3617 Cremutius
532 3544 669 3659 Cordus
684 3546 887 3642 postulatur,
902 3570 993 3620 novo
1009 3570 1048 3620 ac
1064 3565 1146 3621 tunc
1162 3546 1317 3645 primum
1334 3543 1445 3617 audito

359 3788 560 3867 *Nequeunt
571 3780 747 3855 reRomaod.
780 3794 856 3851 Con·
910 3796 952 3850 At
970 3793 1143 3871 propinquus
1161 3791 1317 3851 novicium
1332 3794 1446 3849 virtutes

319 3888 395 3931 terto
408 3880 494 3941 statu,
505 3880 535 3929 et
548 3890 577 3928 re
591 3870 720 3929 Romund
732 3874 784 3929 suh
799 3892 856 3931 uno
909 3874 958 3931 vix
977 3873 1054 3931 ullus
1076 3874 1184 3933 laudet.
1225 3872 1255 3931 Si
1277 3871 1354 3931 enirn
1373 3869 1444 3927 vitiis

319 3949 452 4025 Principe
465 3950 629 4009 constituti.
669 3951 744 4008 Vide
756 3961 815 4009 not.
827 3964 855 4011 et
910 3952 1043 4024 diversus,
1068 3964 1136 4010 tunc
1159 3951 1273 4027 spemit.
1325 3950 1356 4008 Si
1382 3948 1443 4005 verd

319 4028 476 4085 emended
491 4028 646 4087 Annalrv.
659 4034 729 4088 33.»
910 4030 1018 4089 virtutis
1048 4032 1179 4101 aernulus,
1219 4042 1289 4087 tunc
1324 4028 1440 4086 invidet:

359 4102 372 4131 ²
399 4106 444 4163 Ut
462 4108 543 4167 nimir
565 4130 598 4169 ee
617 4112 781 4187 propinquo.
821 4112 854 4168 ln
907 4122 1102 4187 quantumque
1115 4112 1214 4169 ceteris
1228 4109 1373 4179 tribuitur,
1387 4120 1443 4163 tsn-

318 4188 418 4244 noetris
430 4186 515 4244 etiam
528 4190 581 4245 scri
585 4190 639 4265 ptis
652 4189 741 4265 glorie
753 4210 788 4249 ac
801 4191 865 4248 vir-·
908 4192 1036 4250 tum-sibi
1049 4190 1156 4249 detrahi
1177 4191 1333 4247 existimat.
1373 4187 1443 4242 l'itle

319 4274 365 4323 tus
387 4266 502 4323 offensos
528 4266 612 4326 habet
636 4268 762 4339 lectores,
786 4272 855 4345 quia
907 4276 966 4326 not.
978 4270 1128 4343 stemend:
1138 4268 1174 4327 ad
1189 4268 1293 4327 Annol‘.
1308 4285 1352 4324 rr.
1365 4272 1413 4326 88.

318 4346 446 4403 nimisex
456 4347 615 4423 propinquo
627 4348 734 4405 divorsa
753 4352 854 4425 arguit.
955 4344 1125 4429 'Agrippd
1149 4349 1225 4407 Coss.
1266 4348 1311 4405 M.
1333 4346 1443 4404 Asinius

318 4422 479 4482 Priscarum
490 4426 626 4485 virtutum
634 4427 730 4485 leudes
738 4428 856 4487 libenter
908 4428 1035 4507 Agrippa
1047 4434 1078 4487 et'
1094 4432 1196 4487 Cossus
1207 4423 1356 4487 Cornelius
1374 4426 1444 4483 lan·

318 4502 453 4580 legimus:
475 4504 545 4562 nihil
565 4506 670 4564 habent
689 4508 757 4579 odii,
782 4508 852 4566 nihil
908 4508 986 4567 tulus
1005 4508 1131 4567 consules
1149 4508 1227 4568 luere
1245 4506 1363 4566 A.U.C.
1376 4506 1439 4570 77⁸-

319 4583 441 4641 invldiae.
483 4584 538 4643 Eas
562 4585 615 4662 ipsi
640 4584 800 4659 laudamus,
822 4602 855 4646 ut
907 4588 983 4647 J.C.
995 4594 1044 4648 25.
1069 4590 1104 4646 ln'
1123 4588 1221 4659 Fastis,
1234 4586 1361 4667 Agrippa
1374 4584 1439 4643 len·

317 4664 397 4726 nobis
426 4682 588 4725 communes
611 4664 670 4725 fieri
695 4666 853 4728 videantur.
907 4668 969 4727 tulo
980 4668 1163 4746 preponitur.
