3200 5509
275 548 348 614 xviii
711 538 971 611 PRAEFATIO.

277 772 396 829 suum
418 743 539 824 luisse
566 742 813 853 gloriantur.'
871 738 1007 838 Patre,
1035 743 1175 850 equite
1208 744 1413 847 Romano,

275 900 332 987 et,
361 916 457 997 quae
486 886 684 996 equestris
715 895 777 965 est
809 883 1013 980 nobilitas,
1055 884 1234 998 Belgicae
1261 888 1411 975 Galliae

275 1044 552 1143 procuratore,
580 1030 741 1139 gerritus
760 1026 935 1108 videtur²
965 1028 1075 1111 circa
1104 1058 1260 1115 annum
1283 1032 1411 1117 Urbis

275 1174 464 1281 Condita]
485 1182 592 1257 810.ι
647 1170 749 1257 Jcsu
770 1170 920 1251 Christi
947 1180 1013 1263 57.
1071 1171 1293 1259 Pueritiam
1313 1177 1411 1287 egit,

273 1318 390 1411 dum,
443 1318 520 1398 snb
568 1316 736 1397 Nerone
766 1314 1008 1423 cupidinum
1047 1316 1281 1416 immodico,
1326 1348 1410 1403 non

272 1462 398 1543 modd
421 1460 549 1558 Urbs,
577 1460 647 1541 sed
682 1484 874 1567 quaeque,
904 1472 952 1539 ut
988 1458 1096 1540 Urbi
1127 1462 1326 1568 proxima,
1353 1462 1407 1545 ad

270 1632 396 1687 omne
415 1604 631 1685 libidinum
652 1630 779 1713 genus
799 1602 1072 1713 profluebant.
1128 1604 1189 1684 At
1208 1630 1282 1713 per
1311 1618 1409 1686 aeta·

272 1760 370 1844 tem,
399 1746 796 1855 institutionemque,
823 1757 865 1829 et
899 1748 1030 1855 prima
1059 1746 1265 1830 literarum
1297 1748 1408 1831 rudi·

269 1902 425 1987 menta,
454 1892 500 1971 iis
520 1891 627 1971 vitiis
648 1892 823 1973 intactus
861 1891 1011 1973 crevit:
1042 1892 1405 2001 pariintegritate,

233 2050 236 2063 '
270 2034 438 2117 turbida
484 2032 647 2131 Galbae,
695 2032 887 2143 Othpnis,
929 2047 971 2117 et
1020 2033 1171 2143 Vitellii
1221 2048 1406 2145 tempora

185 2256 189 2261 .
268 2177 430 2287 clapsus
449 2189 523 2258 cst.
560 2176 616 2257 -V
621 2178 870 2287 espasianus,
902 2205 1032 2261 rerum
1062 2150 1229 2285 potitus,
1257 2204 1405 2286 pacem

268 2346 486 2429 moresque
504 2320 644 2403 intulit
657 2350 668 2413 ;
698 2333 739 2403 et
766 2323 871 2402 inter
904 2334 1039 2404 cctera
1071 2320 1230 2430 imperii
1249 2320 1403 2417 munia,

267 2462 404 2545 literas
421 2476 609 2571 artesque
627 2466 854 2574 amplexuS,
880 2490 949 2547 eas
969 2462 1226 2575 providentia
1245 2471 1288 2545 et
1305 2462 1405 2544 libe·

268 2606 431 2689 ralitate
460 2606 617 2688 refovit.
677 2606 728 2687 In
761 2606 841 2689 hac
875 2606 1121 2691 renascentis
1143 2602 1270 2687 Urbis
1296 2615 1404 2687 tran·

269 2749 487 2859 quiditate,
505 2748 672 2833 Tacitus
692 2779 860 2861 operam
879 2750 995 2833 dedit
1012 2748 1271 2857 eloquentiae,
1286 2749 1403 2857 cujus

267 2902 317 2974 ut
334 2892 440 2973 inter
459 2904 690 3001 temporum
710 2896 843 2976 tristia
861 2894 914 2977 ad
942 2892 1193 3003 proesidium,
1221 2890 1278 2975 sic
1298 2891 1403 2972 inter

267 3034 363 3115 laeta
382 3034 435 3115 ad
455 3034 594 3133 decus,
623 3037 683 3117 ris
702 3037 891 3146 plurima.
948 3034 1115 3117 Gnarus
1145 3046 1285 3116 autem
1314 3038 1403 3115 ora·

266 3188 397 3258 torem
418 3178 559 3259 melius
585 3180 795 3289 exemplis,
824 3177 951 3287 quam
973 3176 1203 3288 preceptis,
1232 3173 1404 3272 institui,

265 3316 331 3401 M.
348 3318 509 3429 Aprum
529 3332 571 3402 et
584 3320 743 3407 Julium
764 3322 1012 3418 Secundum,
1033 3318 1292 3401 celeberrima
1311 3330 1401 3401 tum

264 3460 343 3543 fori
362 3464 539 3572 ingenia,
568 3463 680 3547 domi
699 3468 796 3549 etin
819 3466 985 3575 publico
1004 3462 1236 3545 adsectatus
1256 3458 1347 3543 est.⁴

307 3788 411 3858 PHtc
427 3792 465 3855 de
485 3816 517 3857 re
540 3792 628 3877 plura
643 3792 709 3858 vide
725 3792 808 3879 apud
860 3788 963 3855 Plinio
980 3802 1195 3853 memoratum.
1236 3786 1403 3881 Repugnat

264 3871 461 3941 Franciscnm
479 3877 640 3965 Angeloni,
665 3880 807 3945 Historia
859 3889 1033 3961 temporum
1054 3875 1142 3954 ratio,
1163 3894 1230 3959 quae
1249 3871 1279 3935 in
1299 3870 1402 3935 'l'ncin

263 3960 299 4023 di
315 3960 417 4039 Tcrni,
435 3986 470 4047 p.
487 3972 530 4029 42
556 3976 583 4028 et
606 3988 666 4051 seq.
709 3962 807 4028 luter·
858 3975 976 4047 patrem
991 3962 1071 4024 recto
1085 3959 1174 4023 cadit.

263 4068 363 4124 amna,
379 4070 458 4111 nunc
471 4048 572 4127 Termi,
587 4051 619 4115 in
634 4050 683 4113 tlte
693 4048 807 4137 Duclry
902 4050 914 4084 ³
930 4046 982 4114 De
995 4046 1096 4111 Taciti
1121 4057 1208 4109 aetate
1232 4038 1304 4105 satis
1325 4060 1400 4105 con-

231 4182 233 4191 ,
262 4132 338 4218 ql'S
377 4132 445 4197 leto.
857 4144 967 4197 stater
981 4130 1048 4215 ipsa
1067 4144 1155 4195 atate
1171 4125 1274 4205 Plinii,
1297 4124 1398 4223 Epist.

304 4216 319 4245 ⁸
363 4216 717 4284 liu.Hist.Nat.v11.
755 4222 804 4285 16.
859 4223 1195 4282 v1.‘20.etvn.20.
1238 4212 1328 4276 Adde
1350 4232 1399 4293 rp-

263 4300 430 4385 Perperam
448 4303 487 4369 Li
512 4304 572 4368 sius
591 4304 702 4389 aliique
717 4302 804 4368 multi
857 4324 924 4366 sum
957 4300 1102 4366 Tacitum
1135 4300 1167 4365 iu
1202 4296 1325 4380 Dialog.
1359 4296 1400 4359 de

260 4387 468 4453 existimavere
500 4389 805 4455 'scitumfuisseBel
857 4388 945 4453 Orat.
959 4411 1029 4472 cap.
1049 4398 1060 4451 l
1079 4402 1110 4450 et
1127 4394 1176 4455 17.

258 4472 336 4556 gicae
365 4472 474 4541 Galliae
510 4493 748 4560 procuratorem,
784 4475 803 4539 a
896 4470 1027 4552 ⁴Tscit.
1040 4470 1124 4537 Dial.
1135 4473 1173 4535 de
1185 4470 1274 4536 orn.
1286 4472 1397 4551 capt.
