3200 5509
321 507 380 560 iss
684 496 931 558 nconussn
951 496 1089 558 Tlcrn
1231 465 1452 576 annm

320 668 346 738 ,“
364 653 537 743 meavisse,
554 651 677 725 comite
693 651 815 724 Livia?
838 677 875 724 se
900 679 1040 750 quoque
1060 654 1097 726 in
1122 655 1298 754 illyricum
1322 661 1454 756 profec-

322 781 347 815 “
363 790 463 860 tum3
490 787 536 858 et,
560 768 588 840 si
608 768 654 839 ita
682 768 864 856 conducat,
880 769 961 840 alias
985 770 1028 840 ad
1049 787 1170 868 gentes
1192 772 1336 862 iturum,
1363 777 1452 850 baud

322 895 347 930 “
364 909 497 980 semper
515 909 615 980 aequo
632 883 758 971 atrimo,
775 882 803 954 si
825 883 869 954 ab
885 907 996 956 uxore
1011 885 1207 974 carissixnt,¹
1237 905 1272 960 et
1297 907 1350 961 tot
1364 915 1453 962 com·

323 1009 348 1043 ‘⁶
364 1000 519 1071 munium
540 999 725 1069 liberorum
747 1013 899 1092 parente,
921 997 1176 1070 divelleretur.''
1226 1002 1284 1074 Sic
1306 1004 1452 1078 Caecinae

321 1115 484 1188 sententia
499 1115 602 1186 elusa.
1555 1112 1556 1129 ,

370 1357 427 1423 35.
453 1346 510 1416 Er
531 1365 699 1414 reoxmn
716 1340 855 1414 senatus
870 1338 939 1429 die,
954 1339 1113 1414 Tiberius
1137 1367 1200 1438 per
1226 1343 1337 1416 literas
1358 1346 1451 1419 casti·

252 1449 254 1454 ¹
320 1460 407 1558 gatis
422 1457 560 1554 obliqui:
573 1457 737 1552 patribus,
754 1464 778 1498 “
789 1456 887 1553 quod
904 1472 1027 1528 cuncta
1036 1481 1197 1528 curarum
1209 1459 1253 1528 ad
1263 1459 1452 1556 Principem

322 1583 347 1616 ‘⁴
364 1573 577 1670 rejicerent,”
604 1573 656 1642 M.
674 1571 844 1667 Lepidum
856 1587 889 1642 et
908 1571 1049 1644 lunium
1070 1572 1223 1643 Blaesum
1247 1573 1450 1645 nominavit:

321 1714 367 1760 ex
388 1687 483 1782 queis
502 1685 684 1782 proconsul
707 1683 836 1758 Africa:
863 1685 1044 1786 legeretur.
1095 1687 1190 1756 Tum
1216 1686 1452 1760 auditaambo

321 1783 400 1874 rum
411 1803 528 1888 verba,
543 1799 706 1872 intentius
722 1817 905 1872 excusante
926 1824 962 1870 se
978 1798 1123 1896 Lepido,
1142 1799 1228 1872 edm
1253 1808 1277 1842 “
1294 1801 1451 1874 valetudi-

321 1924 348 1958 “
363 1939 444 1986 nem
465 1914 630 2010 corporis,
646 1929 779 1986 aetatem
796 1913 959 2016 liberdm,
974 1914 1127 1984 nubilem
1146 1914 1276 1985 filiam'’
1294 1918 1451 1988 obtende-

320 2047 393 2102 ret:
419 2029 730 2128 intelligereturque
746 2029 860 2117 etiam,
885 2029 978 2124 quod
1000 2029 1131 2115 silebat,
1147 2013 1358 2102 avunculum
1384 2055 1450 2102 esse

320 2143 432 2242 Sejani
450 2144 615 2231 Blaesum,
631 2159 732 2242 atque
749 2143 792 2214 eb
819 2139 1051 2238 praevalidum.
1104 2141 1294 2236 Respondit
1322 2143 1450 2216 Blaesus

319 2258 430 2356 specie
457 2258 654 2346 recusantis,
669 2259 729 2328 sed
745 2279 858 2355 neque
880 2254 1001 2328 eidem
1026 2255 1290 2345 adseveratione,
1314 2275 1350 2330 et
1376 2281 1451 2330 con·

320 2397 421 2446 sensu
437 2372 647 2444 adulantium
663 2371 755 2444 haud
767 2375 863 2470 jutus
879 2389 940 2444 est.

372 2612 430 2674 36.
455 2601 900 2698 Ex1npromtum,²quod
922 2600 1110 2672 multorum
1134 2597 1259 2672 intimis
1284 2601 1452 2698 questibus

320 2699 509 2814 tegebatur.
559 2717 739 2788 incedebat
760 2716 853 2790 enim
874 2715 1057 2788 deterrimo
1083 2714 1206 2811 cuique
1232 2715 1379 2803 licentia,
1395 2717 1451 2786 im·

321 2827 414 2926 pund
431 2832 569 2926 probra,
581 2848 615 2901 et
630 2829 789 2903 invidiam
801 2829 837 2902 in
852 2833 963 2902 bonos
972 2827 1154 2932 excitandi,
1163 2827 1298 2924 arrepti
1309 2829 1450 2928 imagine

324 2943 512 3016 Caesaris:³
543 2943 720 3042 libertique
747 2944 848 3016 etiam
873 2970 912 3016 ac
934 2942 1035 3031 servi,
1054 2959 1199 3038 patrono
1220 2943 1276 3014 vel
1301 2944 1450 3031 domino,

322 3058 407 3130 cum
433 3081 546 3145 vocer,
572 3059 656 3128 calm
691 3081 811 3130 manus
841 3058 1056 3143 intentarent,
1085 3056 1176 3126 ultro
1204 3059 1449 3129 metuebantur.

322 3171 429 3268 Igitur
450 3174 492 3242 C.
511 3171 655 3244 Caestius
671 3187 806 3244 senator
822 3169 1000 3244 disseruit:
1027 3177 1052 3210 “
1064 3168 1238 3265 Principes
1250 3170 1392 3267 quidem
1405 3172 1450 3242 in·

322 3291 348 3326 “
365 3301 432 3356 star
447 3285 605 3388 Deorum
617 3309 711 3356 esse:
737 3286 797 3356 sed
809 3309 921 3380 neque
934 3280 955 3352 a
971 3281 1047 3354 Diis
1061 3283 1124 3354 nisi
1136 3286 1244 3380 justas
1262 3285 1450 3382 supplicum

323 3407 483 3494 “preces
504 3397 625 3485 audiri,
653 3423 765 3494 neque
800 3421 1009 3494 quemquam
1036 3396 1072 3468 in
1101 3398 1323 3491 Capitolium,
1349 3399 1450 3472 aliave

322 3520 347 3555 ‘⁶
365 3513 473 3585 Urbffs
485 3512 610 3607 templa
625 3510 820 3610 perfugere,
838 3527 876 3582 ut
892 3537 933 3584 eo
950 3511 1099 3584 subsidio
1120 3512 1164 3582 ad
1189 3511 1314 3609 flagitia
1329 3531 1448 3585 utatur.

322 3634 347 3667 “
364 3626 518 3698 Abolitas
540 3626 645 3722 legeS,
662 3643 695 3698 et
720 3625 878 3702 funditits
893 3651 1019 3714 versas,
1043 3626 1103 3696 ubi
1124 3625 1159 3696 in
1176 3623 1268 3716 foro,
1282 3626 1319 3698 in
1340 3627 1449 3698 limine

322 3748 347 3783 “
364 3741 481 3828 curiae,
498 3742 540 3811 ab
557 3739 673 3812 Amtid
686 3739 831 3827 Rufillai,
847 3765 951 3836 quam
967 3737 1096 3811 fraudis
1112 3740 1304 3836 subjudice
1317 3742 1448 3812 damna·

320 3863 347 3897 ‘⁴
364 3855 476 3942 visset,
488 3857 614 3950 probra
623 3853 685 3926 sibi
697 3872 731 3926 et
746 3854 848 3928 minae
860 3855 1098 3930 intendantur:
1120 3877 1232 3950 neque
1248 3854 1319 3950 ipse
1334 3856 1449 3928 audeat

363 4089 372 4116 ¹
388 4091 483 4153 Urorc
495 4092 645 4151 rorissimd.
683 4092 774 4163 Litiai,
789 4093 862 4150 Ger·
920 4091 1093 4159 adulatione,
1116 4091 1168 4166 ipsi
1186 4103 1363 4149 accusatores
1384 4092 1448 4148 ima·

321 4173 424 4228 manici
439 4191 542 4228 sorore.
920 4171 995 4246 ginm
1018 4170 1081 4227 illas
1106 4171 1285 4241 invocabant,
1309 4184 1387 4228 tosus
1402 4191 1448 4246 np-

360 4247 374 4276 ²
387 4251 459 4308 Exin
467 4259 614 4326 prorutum.
628 4251 702 4308 Exin
715 4259 858 4326 promtum
920 4250 1074 4326 pollebant,
1092 4251 1253 4326 probraque
1273 4261 1300 4307 et
1321 4251 1447 4307 invidiam

320 4349 354 4388 ac
367 4331 545 4388 manifestum
560 4331 624 4398 fuit,
636 4333 723 4406 quod,
738 4331 794 4387 dcc.
920 4329 949 4386 in
968 4331 1054 4386 bonos
1066 4329 1183 4405 impunl:
1195 4330 1367 4386 excitabant.
1397 4330 1446 4402 ‚Eo

361 4405 511 4486 'Arrepld
524 4409 643 4485 imagine
658 4409 784 4468 Cereris.
811 4411 858 4466 Ad
920 4409 1047 4465 arrdaciae
1068 4423 1180 4466 rentum
1195 4422 1247 4476 cst,
1265 4421 1299 4466 ut
1317 4412 1339 4467 si
1361 4409 1447 4466 liberti

319 4489 452 4566 imagines
460 4489 759 4565 l'rincipum,sicutad
769 4489 858 4566 asyla,
919 4507 955 4546 ac
974 4488 1045 4544 servi
1058 4505 1158 4544 mantis
1179 4503 1232 4546 aut
1252 4509 1333 4546 voces
1344 4489 1449 4545 minita-

319 4571 545 4646 conl'ogicbntur.
578 4567 637 4625 lllis
656 4569 860 4651 supplicabant
921 4568 1009 4624 bundi
1025 4567 1202 4636 intentarent,
1220 4587 1266 4624 cos
1288 4568 1396 4644 patroni
1415 4585 1447 4624 ae

319 4651 420 4708 nriscri.
442 4651 482 4708 At
494 4667 567 4707 novo
582 4666 645 4719 usu,
662 4659 691 4705 et
710 4647 858 4726 profligati
919 4646 1026 4704 domini
1038 4647 1115 4706 ultro
1128 4659 1294 4707 metuerent.
