3200 5509
429 767 625 854 NOTAE
660 769 740 854 ET
781 768 1342 858 EMENDATIONES

547 1135 606 1194 AD
627 1133 786 1197 LIBRUM
807 1137 974 1198 SEXTUM
995 1137 1220 1204 ANNALIUM

532 1465 580 1550 C.
610 1464 948 1554 CORNELII
985 1467 1230 1556 TACITI.

318 2154 457 2256 Linou
474 2207 530 2254 ,vn
572 2184 612 2250 In
638 2186 788 2252 vocibus
814 2187 998 2255 editioribus
1021 2190 1071 2266 bio
1092 2189 1170 2257 liber
1193 2213 1269 2257 oon
1299 2191 1446 2278 soporinus
1550 2214 1551 2249 r

315 2298 518 2387 conjungitur.

359 2511 448 2576 Csr.
475 2523 501 2576 1.
527 2511 725 2576 Consulatum
742 2513 889 2580 inierunt.
933 2513 971 2578 lu
985 2515 1172 2600 appellandis
1185 2518 1277 2602 hujus
1292 2517 1363 2581 snni
1380 2537 1442 2579 con·

315 2621 431 2687 solibus
449 2645 568 2685 summa
591 2623 772 2706 scriptorum
793 2623 928 2688 varietas.
972 2623 1103 2705 luscius,
1126 2625 1272 2712 Pontique
1293 2625 1440 2690 Vindobo-

315 2754 432 2808 nenses,
469 2731 622 2796 Arruntio
658 2743 687 2795 rt
723 2733 939 2798 Ahenobarbo.
985 2735 1176 2821 Suffrsgntur
1211 2735 1380 2800 Suetonius
1416 2735 1440 2798 in
1550 2746 1551 2751 ’

316 2835 453 2919 Othoni,
469 2863 508 2904 11.
531 2848 552 2878 “
569 2839 654 2904 Otho
677 2840 843 2926 imperator
865 2857 973 2928 quarto
999 2843 1155 2909 Kalendas
1178 2844 1258 2910 Maii
1285 2859 1375 2908 nouis
1392 2857 1439 2921 ost,

316 2949 450 3018 Camillo
465 2950 622 3028 Arruntio,
647 2950 788 3018 Domitio
804 2952 1014 3017 Ahenobarbo
1031 2954 1239 3020 consulibus?
1286 2953 1439 3020 Proviuius

313 3061 387 3126 verb
420 3061 556 3126 consules
592 3062 757 3125 ordinarios
793 3063 896 3142 fuisse,
929 3063 1103 3129 Domitium
1140 3065 1384 3131 Ahenobarbum
1414 3077 1439 3126 et

316 3172 359 3240 A.
379 3171 535 3236 Vitellium
550 3195 709 3256 perperam
725 3173 922 3238 existimavit:
946 3175 1095 3259 siquidem
1109 3175 1250 3241 Vitellius
1263 3176 1325 3242 fuit
1335 3175 1438 3240 unuin

314 3283 468 3362 suffectus,
483 3296 517 3346 ut
527 3295 611 3366 patet
621 3305 659 3345 ex
674 3281 800 3346 Nolano
812 3283 936 3349 Tabulis
946 3287 1028 3370 opud
1039 3285 1218 3367 Gruterum,
1229 3311 1261 3372 p.
1280 3295 1403 3356 1087.u.
1415 3293 1437 3346 l.

422 3517 503 3582 CN.
528 3515 793 3582 DOMITIVS
817 3517 1222 3585 AHENOBARBVS
1246 3521 1325 3588 Cos.

421 3651 521 3717 SVF.
545 3651 777 3718 KAL.1VL.
800 3655 841 3717 A.
864 3653 1148 3719 VITELLIVS
1172 3654 1246 3721 Cos.

314 3883 423 3950 Potior
443 3883 545 3950 Taciti
575 3897 606 3948 et
635 3885 756 3966 Dionis,
781 3907 885 3954 uviri.
909 3911 941 3972 p.
955 3888 1029 3953 631.
1051 3890 1225 3968 auctoritas,
1248 3889 1300 3957 cl.
1320 3888 1430 3954 Norisio

256 3986 259 3996 ’
311 3995 342 4058 in
364 3993 464 4080 Epist.
487 3995 614 4062 Consul.
639 3996 711 4060 Col.
727 3999 800 4063 864.
823 3997 894 4062 Vol.
918 4020 957 4063 11.
983 3997 1081 4083 Oper.
1104 4013 1136 4063 et
1156 4000 1280 4065 eruditis
1304 3999 1431 4066 omnibus

310 4108 448 4190 probata.

354 4214 396 4279 Iu
405 4215 581 4302 propinqua
597 4217 759 4304 degressus.
803 4217 852 4283 Ita
866 4200 1013 4286 Einestus
1027 4232 1059 4285 et
1067 4187 1263 4287 'recentiorem
1286 4219 1325 4284 In
1336 4217 1430 4284 veteri·

308 4328 366 4392 bus
380 4325 574 4408 editionibus,
587 4326 745 4414 digressus.
790 4329 843 4396 De
855 4329 901 4396 his
916 4330 1015 4396 verbis
1026 4331 1141 4396 dictum
1154 4331 1265 4398 Annsl.
1282 4353 1331 4396 iv.
1344 4339 1390 4402 74.
