3200 5509
356 1106 1094 1268 nnnvrnsroiu

492 1550 689 1633 n1nu1
743 1552 977 1631 rnrmr.
1063 1649 1067 1659 ⁸

167 1990 203 2077 Ι.
232 1942 573 2085 Romnunuou
609 2029 743 2085 renim
786 2002 917 2086 statos
955 2006 1010 2087 ab
1047 2000 1171 2090 Urbe
1196 2016 1293 2091 con·

87 2242 93 2251 .
165 2134 511 2247 ditAadAugnsti
528 2148 753 2221 excessum.
812 2150 850 2224 5.
880 2136 1292 2255 (liberiusimperium

164 2276 349 2387 suscipit,
377 2268 507 2371 tarde,
541 2284 585 2355 st
616 2265 854 2383 cupidinem
884 2265 1152 2362 dissimulans.
1210 2263 1294 2362 Ro-

164 2414 300 2495 main
329 2410 535 2493 servitium
564 2410 657 2493 ruit.
728 2408 792 2493 16.
823 2408 1081 2495 Pannonicas
1113 2413 1292 2523 legiones

164 2558 248 2631 tres
287 2546 435 2631 reditio
464 2546 594 2656 gravis
628 2543 808 2628 incessit.
867 2530 945 2645 Ea,
973 2548 1095 2629 misso‘
1139 2529 1293 2646 Druso,

162 2680 315 2765 Tiberii
349 2680 444 2777 filio,
482 2678 587 2791 aegre
622 2680 894 2790 componitur.
979 2692 1047 2765 31.
1089 2680 1208 2764 Idem
1249 2682 1293 2765 in

165 2814 391 2901 Gennanid
408 2814 592 2897 inferiore
609 2825 760 2912 motus,
789 2814 862 2923 qui
880 2818 1078 2915 consedit,
1106 2846 1191 2900 non
1206 2817 1294 2899 sine

164 2952 363 3062 sangnine
396 2959 440 3031 et
465 2950 590 3033 caede.
662 2958 729 3035 50.
764 2949 1035 3034 Germanicus
1075 2950 1211 3035 Caesar
1248 2955 1293 3035 in

163 3086 323 3170 hostem
361 3085 498 3169 ducit:
524 3087 658 3193 esque
676 3084 937 3195 expeditione
957 3086 1100 3186 Marsi,
1127 3088 1293 3172 Tuban-

164 3234 241 3321 tes,
271 3220 472 3318 Bructeri,
507 3218 704 3329 Usipetes
734 3222 898 3319 vastati,
936 3234 1011 3304 aut
1048 3224 1155 3305 caesi.
1223 3231 1290 3307 53.

161 3356 292 3455 Julia,
329 3354 507 3465 Augusti
544 3354 639 3451 filia,
690 3352 838 3465 Rhegii
874 3356 1001 3438 vitam
1041 3356 1144 3439 finit.
1224 3363 1292 3443 54.

165 3492 336 3577 Sodales
365 3489 628 3573 inhonorem
648 3488 839 3598 Augusti,
868 3502 912 3571 et
929 3490 1016 3572 ludi
1044 3490 1291 3601 Augustales

162 3626 355 3711 instituti.
412 3632 478 3711 55.
500 3623 768 3707 Germanicus
789 3626 937 3707 iterum
952 3626 1143 3709 Rhenum
1164 3640 1294 3712 trans-

163 3764 308 3861 mittit,
335 3764 377 3844 in
409 3760 552 3845 Cattos
583 3760 722 3842 ducit:
751 3787 882 3867 agros,
909 3762 1067 3861 domos,
1094 3763 1292 3863 homines,

163 3910 313 3995 vastat,
346 3898 440 3993 urit,
472 3897 621 3979 credit:
656 3894 863 4004 Segestem
889 3898 1099 3981 obsidione
1118 3899 1294 3981 Arminii

161 4034 321 4117 liberat.
378 4029 446 4114 Ob
479 4024 568 4113 haec
604 4031 825 4139 imperator
861 4032 1153 4117 consalutatus.
1224 4040 1292 4131 59.

165 4168 329 4253 Bellum
358 4166 506 4251 deinde
530 4166 573 4248 in
604 4164 829 4249 Cheruscos
857 4180 1031 4278 gestum.
1088 4169 1292 4280 Reliquiae

163 4304 265 4387 Vari
290 4320 333 4387 et
362 4304 539 4386 militurn
566 4302 707 4385 lectae:
738 4330 1013 4414 supremaque
1059 4306 1107 4389 iis
1144 4306 1291 4389 soluta.

165 4437 234 4522 63.
265 4438 441 4521 Romani
478 4439 521 4519 in
556 4437 702 4535 reditu,
750 4442 827 4522 sub
845 4442 1011 4526 Caecind
1041 4442 1161 4541 duce,
1191 4442 1294 4552 peri·

166 4582 310 4668 clitati.
367 4578 518 4665 Hostes
560 4590 698 4665 tamen
725 4580 921 4690 prospera
951 4580 1166 4692 eruptione
1199 4579 1293 4679 fusi.
