<?xml version="1.0" encoding="UTF-8"?>
<!DOCTYPE html PUBLIC "-//W3C//DTD XHTML 1.0 Transitional//EN"
    "http://www.w3.org/TR/xhtml1/DTD/xhtml1-transitional.dtd">
<html xmlns="http://www.w3.org/1999/xhtml" xml:lang="en" lang="en">
 <head>
  <title>
</title>
<meta http-equiv="Content-Type" content="text/html;charset=utf-8" />
  <meta name='ocr-system' content='tesseract 3.04.00' />
  <meta name='ocr-capabilities' content='ocr_page ocr_carea ocr_par ocr_line ocrx_word'/>
</head>
<body>
  <div class='ocr_page' id='page_1' title='image "./opera00valpgoog_0471.png"; bbox 0 0 3200 5509; ppageno 0'>
   <div class='ocr_carea' id='block_1_1' title="bbox 303 513 1134 583">
    <p class='ocr_par' dir='ltr' id='par_1_1' title="bbox 303 513 1134 583">
     <span class='ocr_line' id='line_1_1' title="bbox 303 513 1134 583; baseline 0.01 -8"><span class='ocrx_word' id='word_1_1' title='bbox 303 513 364 575; x_wconf 77' lang='grc'><strong><em>406</em></strong></span> <span class='ocrx_word' id='word_1_2' title='bbox 592 516 716 578; x_wconf 79' lang='lat' dir='ltr'>NOTAE</span> <span class='ocrx_word' id='word_1_3' title='bbox 736 516 789 577; x_wconf 80' lang='lat' dir='ltr'><strong><em>ET</em></strong></span> <span class='ocrx_word' id='word_1_4' title='bbox 808 518 1134 583; x_wconf 79' lang='lat' dir='ltr'>EMENDATIONES</span> 
     </span>
    </p>
   </div>
   <div class='ocr_carea' id='block_1_2' title="bbox 302 756 1423 1061">
    <p class='ocr_par' dir='ltr' id='par_1_2' title="bbox 302 756 1423 1061">
     <span class='ocr_line' id='line_1_2' title="bbox 345 756 1419 859; baseline 0.008 -36"><span class='ocrx_word' id='word_1_5' title='bbox 345 756 435 823; x_wconf 76' lang='lat' dir='ltr'><strong><em>Cer.</em></strong></span> <span class='ocrx_word' id='word_1_6' title='bbox 449 767 488 859; x_wconf 70' lang='grc' dir='ltr'><strong><em>ι7.</em></strong></span> <span class='ocrx_word' id='word_1_7' title='bbox 532 758 583 825; x_wconf 84' lang='lat' dir='ltr'><strong><em>Ed</em></strong></span> <span class='ocrx_word' id='word_1_8' title='bbox 596 761 694 827; x_wconf 73' lang='lat' dir='ltr'><strong><em>mair.</em></strong></span> <span class='ocrx_word' id='word_1_9' title='bbox 723 762 836 827; x_wconf 82' lang='lat' dir='ltr'><strong><em>Mellet</em></strong></span> <span class='ocrx_word' id='word_1_10' title='bbox 850 764 1005 843; x_wconf 88' lang='lat' dir='ltr'><strong><em>Ernestus,</em></strong></span> <span class='ocrx_word' id='word_1_11' title='bbox 1020 762 1114 829; x_wconf 80' lang='lat' dir='ltr'><strong><em>ducit.</em></strong></span> <span class='ocrx_word' id='word_1_12' title='bbox 1141 763 1229 829; x_wconf 88' lang='lat' dir='ltr'><strong><em>Nihil</em></strong></span> <span class='ocrx_word' id='word_1_13' title='bbox 1243 766 1419 831; x_wconf 74' lang='lat' dir='ltr'><strong><em>mumdum</em></strong></span> 
     </span>
     <span class='ocr_line' id='line_1_3' title="bbox 345 866 1423 955; baseline 0.011 -25"><span class='ocrx_word' id='word_1_14' title='bbox 345 866 424 933; x_wconf 87' lang='lat' dir='ltr'><strong><em>Cum</em></strong></span> <span class='ocrx_word' id='word_1_15' title='bbox 438 868 607 955; x_wconf 73' lang='lat' dir='ltr'><strong><em>legionibus</em></strong></span> <span class='ocrx_word' id='word_1_16' title='bbox 619 870 800 938; x_wconf 72' lang='lat' dir='ltr'><strong><em>decucurrit.</em></strong></span> <span class='ocrx_word' id='word_1_17' title='bbox 844 873 991 939; x_wconf 85' lang='lat' dir='ltr'><strong><em>Funebris</em></strong></span> <span class='ocrx_word' id='word_1_18' title='bbox 1004 874 1186 941; x_wconf 71' lang='lat' dir='ltr'>decursionis</span> <span class='ocrx_word' id='word_1_19' title='bbox 1200 876 1276 941; x_wconf 82' lang='lat' dir='ltr'><strong><em>ritus</em></strong></span> <span class='ocrx_word' id='word_1_20' title='bbox 1289 872 1423 941; x_wconf 70' lang='lat' dir='ltr'><strong><em>dmuibit</em></strong></span> 
     </span>
     <span class='ocr_line' id='line_1_4' title="bbox 302 977 1197 1061; baseline 0.011 -20"><span class='ocrx_word' id='word_1_21' title='bbox 302 977 457 1061; x_wconf 72' lang='lat' dir='ltr'>Virgilius,</span> <span class='ocrx_word' id='word_1_22' title='bbox 472 979 546 1043; x_wconf 83' lang='lat' dir='ltr'><strong><em>AEn</em></strong></span> <span class='ocrx_word' id='word_1_23' title='bbox 563 1000 615 1043; x_wconf 75' lang='lat' dir='ltr'><strong><em>xi.</em></strong></span> <span class='ocrx_word' id='word_1_24' title='bbox 630 988 699 1048; x_wconf 84' lang='lat'>188.</span> <span class='ocrx_word' id='word_1_25' title='bbox 1194 1006 1197 1009; x_wconf 85' lang='lat'>·</span> 
     </span>
    </p>
   </div>
   <div class='ocr_carea' id='block_1_3' title="bbox 474 1144 1232 1239">
    <p class='ocr_par' dir='ltr' id='par_1_3' title="bbox 474 1144 1232 1239">
     <span class='ocr_line' id='line_1_5' title="bbox 474 1144 1232 1239; baseline 0.008 -30"><span class='ocrx_word' id='word_1_26' title='bbox 474 1144 533 1210; x_wconf 82' lang='lat' dir='ltr'><strong><em>Ter</em></strong></span> <span class='ocrx_word' id='word_1_27' title='bbox 546 1146 658 1211; x_wconf 82' lang='lat' dir='ltr'><strong><em>circelm</em></strong></span> <span class='ocrx_word' id='word_1_28' title='bbox 672 1171 818 1227; x_wconf 80' lang='lat' dir='ltr'><strong><em>accensos,</em></strong></span> <span class='ocrx_word' id='word_1_29' title='bbox 833 1150 1126 1239; x_wconf 79' lang='lat' dir='ltr'><strong><em>cinctisulgentilrus</em></strong></span> <span class='ocrx_word' id='word_1_30' title='bbox 1140 1152 1232 1216; x_wconf 67' lang='lat' dir='ltr'><strong><em>ornnes</em></strong></span> 
     </span>
    </p>
   </div>
   <div class='ocr_carea' id='block_1_4' title="bbox 472 1268 1225 1365">
    <p class='ocr_par' dir='ltr' id='par_1_4' title="bbox 472 1268 1225 1365">
     <span class='ocr_line' id='line_1_6' title="bbox 472 1268 1225 1365; baseline 0.005 -28"><span class='ocrx_word' id='word_1_31' title='bbox 472 1268 645 1339; x_wconf 73' lang='lat' dir='ltr'><strong><em>Decur·rlre</em></strong></span> <span class='ocrx_word' id='word_1_32' title='bbox 658 1298 764 1362; x_wconf 86' lang='lat' dir='ltr'><strong><em>rogos:</em></strong></span> <span class='ocrx_word' id='word_1_33' title='bbox 786 1288 834 1341; x_wconf 89' lang='lat' dir='ltr'><strong><em>ter</em></strong></span> <span class='ocrx_word' id='word_1_34' title='bbox 848 1288 981 1341; x_wconf 84' lang='lat' dir='ltr'><strong><em>mustum</em></strong></span> <span class='ocrx_word' id='word_1_35' title='bbox 984 1276 1111 1365; x_wconf 82' lang='lat' dir='ltr'><strong><em>funeris</em></strong></span> <span class='ocrx_word' id='word_1_36' title='bbox 1126 1280 1225 1365; x_wconf 87' lang='lat' dir='ltr'><strong><em>ignem</em></strong></span> 
     </span>
    </p>
   </div>
   <div class='ocr_carea' id='block_1_5' title="bbox 473 1397 1216 1491">
    <p class='ocr_par' dir='ltr' id='par_1_5' title="bbox 473 1397 1216 1491">
     <span class='ocr_line' id='line_1_7' title="bbox 473 1397 1216 1491; baseline 0.005 -28"><span class='ocrx_word' id='word_1_37' title='bbox 473 1397 659 1465; x_wconf 82' lang='lat' dir='ltr'><strong><em>Lustraoere</em></strong></span> <span class='ocrx_word' id='word_1_38' title='bbox 671 1404 705 1465; x_wconf 84' lang='lat' dir='ltr'><strong><em>in</em></strong></span> <span class='ocrx_word' id='word_1_39' title='bbox 717 1404 811 1489; x_wconf 87' lang='lat' dir='ltr'><strong><em>equis,</em></strong></span> <span class='ocrx_word' id='word_1_40' title='bbox 826 1402 1019 1491; x_wconf 75' lang='lat' dir='ltr'><strong><em>ululatusque</em></strong></span> <span class='ocrx_word' id='word_1_41' title='bbox 1032 1426 1083 1469; x_wconf 82' lang='lat' dir='ltr'><strong><em>ore</em></strong></span> <span class='ocrx_word' id='word_1_42' title='bbox 1100 1402 1216 1468; x_wconf 78' lang='lat' dir='ltr'><em>dedere.</em></span> 
     </span>
    </p>
   </div>
   <div class='ocr_carea' id='block_1_6' title="bbox 224 1560 1426 3181">
    <p class='ocr_par' dir='ltr' id='par_1_6' title="bbox 237 1560 1426 2747">
     <span class='ocr_line' id='line_1_8' title="bbox 237 1560 1426 1649; baseline 0.004 -24"><span class='ocrx_word' id='word_1_43' title='bbox 237 1578 263 1595; x_wconf 71' lang='lat'><strong><em>&#39;‘</em></strong></span> <span class='ocrx_word' id='word_1_44' title='bbox 301 1560 410 1626; x_wconf 75' lang='lat' dir='ltr'><strong><em>Fusiis</em></strong></span> <span class='ocrx_word' id='word_1_45' title='bbox 428 1562 526 1627; x_wconf 81' lang='lat' dir='ltr'><strong><em>adhuc</em></strong></span> <span class='ocrx_word' id='word_1_46' title='bbox 538 1561 672 1646; x_wconf 81' lang='lat' dir='ltr'><strong><em>explicet</em></strong></span> <span class='ocrx_word' id='word_1_47' title='bbox 688 1562 801 1627; x_wconf 77' lang='lat' dir='ltr'><strong><em>Statius</em></strong></span> <span class='ocrx_word' id='word_1_48' title='bbox 814 1563 965 1629; x_wconf 80' lang='lat' dir='ltr'>Thebaid.</span> <span class='ocrx_word' id='word_1_49' title='bbox 983 1584 1031 1627; x_wconf 89' lang='lat' dir='ltr'><strong><em>v1.</em></strong></span> <span class='ocrx_word' id='word_1_50' title='bbox 1050 1570 1113 1628; x_wconf 73' lang='lat'><strong><em>213</em></strong></span> <span class='ocrx_word' id='word_1_51' title='bbox 1132 1576 1162 1628; x_wconf 83' lang='lat' dir='ltr'><strong><em>et</em></strong></span> <span class='ocrx_word' id='word_1_52' title='bbox 1176 1586 1238 1649; x_wconf 88' lang='lat' dir='ltr'><strong><em>seq.</em></strong></span> <span class='ocrx_word' id='word_1_53' title='bbox 1283 1564 1426 1630; x_wconf 71' lang='lat' dir='ltr'><strong><em>tinniver-</em></strong></span> 
     </span>
     <span class='ocr_line' id='line_1_9' title="bbox 299 1670 1426 1740; baseline 0.004 -6"><span class='ocrx_word' id='word_1_54' title='bbox 299 1670 406 1735; x_wconf 83' lang='lat' dir='ltr'><strong><em>surium</em></strong></span> <span class='ocrx_word' id='word_1_55' title='bbox 434 1670 465 1735; x_wconf 91' lang='lat' dir='ltr'><strong><em>in</em></strong></span> <span class='ocrx_word' id='word_1_56' title='bbox 495 1673 641 1736; x_wconf 84' lang='lat' dir='ltr'>honorem</span> <span class='ocrx_word' id='word_1_57' title='bbox 670 1672 766 1737; x_wconf 80' lang='lat' dir='ltr'><strong><em>Drusi</em></strong></span> <span class='ocrx_word' id='word_1_58' title='bbox 793 1674 1001 1738; x_wconf 83' lang='lat' dir='ltr'>decursionem</span> <span class='ocrx_word' id='word_1_59' title='bbox 1031 1687 1179 1737; x_wconf 68' lang='lat' dir='ltr'><strong><em>norst</em></strong></span> <span class='ocrx_word' id='word_1_60' title='bbox 1204 1674 1367 1740; x_wconf 76' lang='lat' dir='ltr'><strong><em>Suetonius</em></strong></span> <span class='ocrx_word' id='word_1_61' title='bbox 1397 1677 1426 1739; x_wconf 90' lang='lat' dir='ltr'><strong><em>in</em></strong></span> 
     </span>
     <span class='ocr_line' id='line_1_10' title="bbox 301 1778 1426 1867; baseline 0.004 -23"><span class='ocrx_word' id='word_1_62' title='bbox 301 1778 411 1845; x_wconf 86' lang='lat' dir='ltr'><strong><em>Cluud.</em></strong></span> <span class='ocrx_word' id='word_1_63' title='bbox 428 1802 453 1847; x_wconf 84' lang='lat'><strong><em>1.</em></strong></span> <span class='ocrx_word' id='word_1_64' title='bbox 477 1780 656 1867; x_wconf 84' lang='lat' dir='ltr'><strong><em>Supremum</em></strong></span> <span class='ocrx_word' id='word_1_65' title='bbox 676 1782 756 1847; x_wconf 65' lang='lat' dir='ltr'><strong><em>mern</em></strong></span> <span class='ocrx_word' id='word_1_66' title='bbox 776 1782 880 1847; x_wconf 83' lang='lat' dir='ltr'><strong><em>morbo</em></strong></span> <span class='ocrx_word' id='word_1_67' title='bbox 899 1782 977 1847; x_wconf 81' lang='lat' dir='ltr'><strong><em>obiit</em></strong></span> <span class='ocrx_word' id='word_1_68' title='bbox 997 1782 1118 1849; x_wconf 86' lang='lat' dir='ltr'><strong><em>Drusus</em></strong></span> <span class='ocrx_word' id='word_1_69' title='bbox 1140 1783 1174 1847; x_wconf 85' lang='lat' dir='ltr'><strong><em>in</em></strong></span> <span class='ocrx_word' id='word_1_70' title='bbox 1188 1784 1298 1849; x_wconf 76' lang='lat' dir='ltr'><strong><em>estivis</em></strong></span> <span class='ocrx_word' id='word_1_71' title='bbox 1310 1785 1426 1862; x_wconf 81' lang='lat' dir='ltr'><strong><em>eastris,</em></strong></span> 
     </span>
     <span class='ocr_line' id='line_1_11' title="bbox 298 1890 1425 1979; baseline 0.002 -22"><span class='ocrx_word' id='word_1_72' title='bbox 298 1912 365 1977; x_wconf 82' lang='lat' dir='ltr'><strong><em>que</em></strong></span> <span class='ocrx_word' id='word_1_73' title='bbox 378 1912 415 1955; x_wconf 84' lang='lat' dir='ltr'><strong><em>er</em></strong></span> <span class='ocrx_word' id='word_1_74' title='bbox 424 1912 458 1957; x_wconf 89' lang='lat' dir='ltr'><strong><em>eo</em></strong></span> <span class='ocrx_word' id='word_1_75' title='bbox 469 1890 616 1957; x_wconf 80' lang='lat' dir='ltr'><strong><em>scelerata</em></strong></span> <span class='ocrx_word' id='word_1_76' title='bbox 628 1902 700 1955; x_wconf 73' lang='lat' dir='ltr'><strong><em>nunt</em></strong></span> <span class='ocrx_word' id='word_1_77' title='bbox 709 1891 873 1977; x_wconf 78' lang='lat' dir='ltr'><strong><em>appellata.</em></strong></span> <span class='ocrx_word' id='word_1_78' title='bbox 919 1891 1036 1978; x_wconf 82' lang='lat' dir='ltr'><strong><em>Corpus</em></strong></span> <span class='ocrx_word' id='word_1_79' title='bbox 1050 1894 1113 1979; x_wconf 78' lang='lat' dir='ltr'><strong><em>ejus</em></strong></span> <span class='ocrx_word' id='word_1_80' title='bbox 1122 1914 1181 1978; x_wconf 83' lang='lat' dir='ltr'><strong><em>per</em></strong></span> <span class='ocrx_word' id='word_1_81' title='bbox 1194 1893 1425 1979; x_wconf 66' lang='lat' dir='ltr'><strong><em>municipium</em></strong></span> 
     </span>
     <span class='ocr_line' id='line_1_12' title="bbox 298 1998 1426 2087; baseline 0.005 -24"><span class='ocrx_word' id='word_1_82' title='bbox 298 1998 544 2087; x_wconf 66' lang='lat' dir='ltr'><strong><em>communemque</em></strong></span> <span class='ocrx_word' id='word_1_83' title='bbox 559 2000 719 2085; x_wconf 80' lang='lat' dir='ltr'><strong><em>primores,</em></strong></span> <span class='ocrx_word' id='word_1_84' title='bbox 740 2000 966 2087; x_wconf 76' lang='lat' dir='ltr'><strong><em>suscipiemilus</em></strong></span> <span class='ocrx_word' id='word_1_85' title='bbox 981 2002 1078 2067; x_wconf 82' lang='lat' dir='ltr'><strong><em>oloiis</em></strong></span> <span class='ocrx_word' id='word_1_86' title='bbox 1098 2002 1268 2068; x_wconf 79' lang='lat' dir='ltr'><strong><em>scribonem</em></strong></span> <span class='ocrx_word' id='word_1_87' title='bbox 1289 2002 1426 2081; x_wconf 80' lang='lat' dir='ltr'><strong><em>decuriis,</em></strong></span> 
     </span>
     <span class='ocr_line' id='line_1_13' title="bbox 300 2108 1424 2197; baseline 0.004 -22"><span class='ocrx_word' id='word_1_88' title='bbox 300 2110 344 2175; x_wconf 92' lang='lat' dir='ltr'><strong><em>ad</em></strong></span> <span class='ocrx_word' id='word_1_89' title='bbox 368 2108 481 2177; x_wconf 80' lang='lat' dir='ltr'><strong><em>Urbem</em></strong></span> <span class='ocrx_word' id='word_1_90' title='bbox 504 2110 668 2189; x_wconf 80' lang='lat' dir='ltr'><strong><em>deuectum,</em></strong></span> <span class='ocrx_word' id='word_1_91' title='bbox 689 2109 837 2195; x_wconf 80' lang='lat' dir='ltr'><strong><em>sepultum</em></strong></span> <span class='ocrx_word' id='word_1_92' title='bbox 862 2122 905 2175; x_wconf 85' lang='lat' dir='ltr'><strong><em>est</em></strong></span> <span class='ocrx_word' id='word_1_93' title='bbox 926 2112 960 2175; x_wconf 88' lang='lat' dir='ltr'><strong><em>in</em></strong></span> <span class='ocrx_word' id='word_1_94' title='bbox 982 2110 1105 2177; x_wconf 87' lang='lat' dir='ltr'><strong><em>Martio</em></strong></span> <span class='ocrx_word' id='word_1_95' title='bbox 1124 2134 1241 2197; x_wconf 80' lang='lat' dir='ltr'><strong><em>campo.</em></strong></span> <span class='ocrx_word' id='word_1_96' title='bbox 1287 2111 1424 2181; x_wconf 79' lang='lat' dir='ltr'><strong><em>Ceterdm</em></strong></span> 
     </span>
     <span class='ocr_line' id='line_1_14' title="bbox 295 2212 1426 2309; baseline 0.004 -24"><span class='ocrx_word' id='word_1_97' title='bbox 295 2212 442 2285; x_wconf 59' lang='lat' dir='ltr'><strong><em>‘coercitus</em></strong></span> <span class='ocrx_word' id='word_1_98' title='bbox 466 2220 664 2287; x_wconf 75' lang='lat' dir='ltr'><strong><em>honorarium</em></strong></span> <span class='ocrx_word' id='word_1_99' title='bbox 685 2221 714 2285; x_wconf 86' lang='lat' dir='ltr'><strong><em>ei</em></strong></span> <span class='ocrx_word' id='word_1_100' title='bbox 735 2218 884 2285; x_wconf 87' lang='lat' dir='ltr'><strong><em>tumulum</em></strong></span> <span class='ocrx_word' id='word_1_101' title='bbox 906 2221 1060 2299; x_wconf 71' lang='lat' dir='ltr'><strong><em>excitauit,</em></strong></span> <span class='ocrx_word' id='word_1_102' title='bbox 1082 2223 1164 2287; x_wconf 86' lang='lat' dir='ltr'><strong><em>circa</em></strong></span> <span class='ocrx_word' id='word_1_103' title='bbox 1185 2246 1273 2309; x_wconf 87' lang='lat' dir='ltr'><strong><em>quem</em></strong></span> <span class='ocrx_word' id='word_1_104' title='bbox 1294 2224 1426 2309; x_wconf 68' lang='lat' dir='ltr'><strong><em>minans</em></strong></span> 
     </span>
     <span class='ocr_line' id='line_1_15' title="bbox 298 2326 1426 2418; baseline 0.004 -24"><span class='ocrx_word' id='word_1_105' title='bbox 298 2340 380 2395; x_wconf 78' lang='lat' dir='ltr'><strong><em>elato</em></strong></span> <span class='ocrx_word' id='word_1_106' title='bbox 390 2330 440 2394; x_wconf 87' lang='lat' dir='ltr'><strong><em>die</em></strong></span> <span class='ocrx_word' id='word_1_107' title='bbox 450 2333 614 2417; x_wconf 76' lang='lat' dir='ltr'><strong><em>quotannis</em></strong></span> <span class='ocrx_word' id='word_1_108' title='bbox 626 2330 710 2395; x_wconf 81' lang='lat' dir='ltr'><strong><em>miles</em></strong></span> <span class='ocrx_word' id='word_1_109' title='bbox 723 2330 904 2409; x_wconf 81' lang='lat' dir='ltr'><strong><em>decurreret,</em></strong></span> <span class='ocrx_word' id='word_1_110' title='bbox 917 2328 1154 2417; x_wconf 80' lang='lat' dir='ltr'><strong><em>Galliarumque</em></strong></span> <span class='ocrx_word' id='word_1_111' title='bbox 1164 2326 1302 2397; x_wconf 75' lang='lat' dir='ltr'><strong><em>ciuitates</em></strong></span> <span class='ocrx_word' id='word_1_112' title='bbox 1310 2332 1426 2418; x_wconf 75' lang='lat' dir='ltr'><strong><em>publici</em></strong></span> 
     </span>
     <span class='ocr_line' id='line_1_16' title="bbox 299 2438 1426 2526; baseline 0.004 -23"><span class='ocrx_word' id='word_1_113' title='bbox 299 2439 513 2526; x_wconf 81' lang='lat' dir='ltr'><strong><em>supplicarent.</em></strong></span> <span class='ocrx_word' id='word_1_114' title='bbox 557 2440 620 2513; x_wconf 84' lang='lat' dir='ltr'><strong><em>Qui</em></strong></span> <span class='ocrx_word' id='word_1_115' title='bbox 639 2439 726 2525; x_wconf 87' lang='lat' dir='ltr'><strong><em>plurn</em></strong></span> <span class='ocrx_word' id='word_1_116' title='bbox 744 2439 825 2504; x_wconf 86' lang='lat' dir='ltr'><strong><em>volet</em></strong></span> <span class='ocrx_word' id='word_1_117' title='bbox 838 2442 876 2503; x_wconf 87' lang='lat' dir='ltr'><strong><em>de</em></strong></span> <span class='ocrx_word' id='word_1_118' title='bbox 894 2438 1131 2520; x_wconf 84' lang='lat' dir='ltr'><strong><em>decursionibus,</em></strong></span> <span class='ocrx_word' id='word_1_119' title='bbox 1147 2442 1233 2506; x_wconf 77' lang='lat' dir='ltr'><strong><em>adem</em></strong></span> <span class='ocrx_word' id='word_1_120' title='bbox 1249 2442 1426 2507; x_wconf 80' lang='lat' dir='ltr'><strong><em>Kirchman-</em></strong></span> 
     </span>
     <span class='ocr_line' id='line_1_17' title="bbox 300 2548 1425 2629; baseline 0.002 -16"><span class='ocrx_word' id='word_1_121' title='bbox 300 2573 372 2619; x_wconf 88' lang='lat' dir='ltr'><strong><em>uum</em></strong></span> <span class='ocrx_word' id='word_1_122' title='bbox 396 2553 434 2614; x_wconf 91' lang='lat' dir='ltr'><strong><em>de</em></strong></span> <span class='ocrx_word' id='word_1_123' title='bbox 459 2550 600 2615; x_wconf 76' lang='lat' dir='ltr'><strong><em>Funerib.</em></strong></span> <span class='ocrx_word' id='word_1_124' title='bbox 623 2548 716 2615; x_wconf 84' lang='lat' dir='ltr'><strong><em>Rom.</em></strong></span> <span class='ocrx_word' id='word_1_125' title='bbox 745 2572 802 2615; x_wconf 87' lang='grc' dir='ltr'><strong><em>ιιι.</em></strong></span> <span class='ocrx_word' id='word_1_126' title='bbox 817 2560 847 2616; x_wconf 81' lang='grc'><strong><em>3.</em></strong></span> <span class='ocrx_word' id='word_1_127' title='bbox 877 2563 907 2614; x_wconf 90' lang='lat' dir='ltr'><strong><em>et</em></strong></span> <span class='ocrx_word' id='word_1_128' title='bbox 936 2548 986 2615; x_wconf 91' lang='lat' dir='ltr'><strong><em>Cl.</em></strong></span> <span class='ocrx_word' id='word_1_129' title='bbox 1010 2548 1101 2629; x_wconf 86' lang='lat' dir='ltr'><strong><em>Gori,</em></strong></span> <span class='ocrx_word' id='word_1_130' title='bbox 1130 2548 1277 2617; x_wconf 84' lang='lat' dir='ltr'><strong><em>Museuur</em></strong></span> <span class='ocrx_word' id='word_1_131' title='bbox 1307 2552 1425 2617; x_wconf 85' lang='lat' dir='ltr'><strong><em>Etrusc.</em></strong></span> 
     </span>
     <span class='ocr_line' id='line_1_18' title="bbox 301 2660 565 2747; baseline 0.004 -23"><span class='ocrx_word' id='word_1_132' title='bbox 301 2660 374 2726; x_wconf 91' lang='lat' dir='ltr'><strong><em>Vol.</em></strong></span> <span class='ocrx_word' id='word_1_133' title='bbox 391 2682 432 2725; x_wconf 85' lang='grc' dir='ltr'><strong><em>ιι.</em></strong></span> <span class='ocrx_word' id='word_1_134' title='bbox 446 2686 478 2747; x_wconf 88' lang='lat' dir='ltr'><strong><em>p.</em></strong></span> <span class='ocrx_word' id='word_1_135' title='bbox 492 2662 565 2732; x_wconf 82' lang='grc'><strong>376.</strong></span> 
     </span>
    </p>

    <p class='ocr_par' dir='ltr' id='par_1_7' title="bbox 224 2770 1424 3181">
     <span class='ocr_line' id='line_1_19' title="bbox 224 2770 1424 2857; baseline 0 -20"><span class='ocrx_word' id='word_1_136' title='bbox 224 2788 228 2795; x_wconf 92' lang='grc'><em>’</em></span> <span class='ocrx_word' id='word_1_137' title='bbox 344 2770 434 2837; x_wconf 87' lang='lat' dir='ltr'><strong><em>Inter</em></strong></span> <span class='ocrx_word' id='word_1_138' title='bbox 455 2770 610 2837; x_wconf 78' lang='lat' dir='ltr'><strong><em>castellum</em></strong></span> <span class='ocrx_word' id='word_1_139' title='bbox 632 2773 798 2838; x_wconf 82' lang='lat' dir='ltr'><strong><em>Alisonem.</em></strong></span> <span class='ocrx_word' id='word_1_140' title='bbox 843 2770 1016 2837; x_wconf 83' lang='lat' dir='ltr'><strong><em>Vertrunins</em></strong></span> <span class='ocrx_word' id='word_1_141' title='bbox 1038 2785 1068 2835; x_wconf 86' lang='lat' dir='ltr'><strong><em>et</em></strong></span> <span class='ocrx_word' id='word_1_142' title='bbox 1092 2770 1215 2857; x_wconf 87' lang='lat' dir='ltr'><strong><em>Lipsius</em></strong></span> <span class='ocrx_word' id='word_1_143' title='bbox 1234 2770 1424 2857; x_wconf 76' lang='lat' dir='ltr'><strong><em>distinguunt,</em></strong></span> 
     </span>
     <span class='ocr_line' id='line_1_20' title="bbox 299 2878 1424 2966; baseline 0 -19"><span class='ocrx_word' id='word_1_144' title='bbox 299 2881 560 2958; x_wconf 70' lang='lat' dir='ltr'><strong><em>intereundum,</em></strong></span> <span class='ocrx_word' id='word_1_145' title='bbox 576 2880 743 2961; x_wconf 75' lang='lat' dir='ltr'><strong><em>Alisonem,</em></strong></span> <span class='ocrx_word' id='word_1_146' title='bbox 757 2905 794 2946; x_wconf 86' lang='lat' dir='ltr'><strong><em>nc</em></strong></span> <span class='ocrx_word' id='word_1_147' title='bbox 811 2880 964 2947; x_wconf 82' lang='lat' dir='ltr'><strong><em>lllrenum.</em></strong></span> <span class='ocrx_word' id='word_1_148' title='bbox 1009 2878 1176 2945; x_wconf 80' lang='lat' dir='ltr'><strong><em>Castellum</em></strong></span> <span class='ocrx_word' id='word_1_149' title='bbox 1191 2881 1312 2966; x_wconf 86' lang='lat' dir='ltr'><strong><em>quidem</em></strong></span> <span class='ocrx_word' id='word_1_150' title='bbox 1327 2882 1424 2947; x_wconf 88' lang='lat' dir='ltr'><strong><em>Aliso·</em></strong></span> 
     </span>
     <span class='ocr_line' id='line_1_21' title="bbox 300 2988 1423 3078; baseline 0 -21"><span class='ocrx_word' id='word_1_151' title='bbox 300 3016 371 3057; x_wconf 87' lang='lat' dir='ltr'><strong><em>nem</em></strong></span> <span class='ocrx_word' id='word_1_152' title='bbox 384 2992 460 3057; x_wconf 87' lang='lat' dir='ltr'><strong><em>inter</em></strong></span> <span class='ocrx_word' id='word_1_153' title='bbox 473 3016 509 3056; x_wconf 86' lang='lat' dir='ltr'><strong><em>uc</em></strong></span> <span class='ocrx_word' id='word_1_154' title='bbox 522 2990 665 3056; x_wconf 84' lang='lat' dir='ltr'><strong><em>Rhenum</em></strong></span> <span class='ocrx_word' id='word_1_155' title='bbox 678 3004 743 3056; x_wconf 88' lang='lat' dir='ltr'><strong><em>erut</em></strong></span> <span class='ocrx_word' id='word_1_156' title='bbox 757 3002 953 3069; x_wconf 79' lang='lat' dir='ltr'><strong><em>exstructum,</em></strong></span> <span class='ocrx_word' id='word_1_157' title='bbox 968 3004 998 3056; x_wconf 79' lang='lat' dir='ltr'><strong><em>rt</em></strong></span> <span class='ocrx_word' id='word_1_158' title='bbox 1013 2988 1101 3057; x_wconf 82' lang='lat' dir='ltr'><strong><em>Aliso</em></strong></span> <span class='ocrx_word' id='word_1_159' title='bbox 1121 2990 1285 3070; x_wconf 79' lang='lat' dir='ltr'><strong><em>dicebutrrr,</em></strong></span> <span class='ocrx_word' id='word_1_160' title='bbox 1300 3006 1333 3055; x_wconf 93' lang='lat' dir='ltr'><strong><em>ut</em></strong></span> <span class='ocrx_word' id='word_1_161' title='bbox 1347 3005 1423 3078; x_wconf 74' lang='lat' dir='ltr'><strong><em>patet</em></strong></span> 
     </span>
     <span class='ocr_line' id='line_1_22' title="bbox 301 3101 990 3181; baseline -0.006 -12"><span class='ocrx_word' id='word_1_162' title='bbox 301 3126 338 3171; x_wconf 82' lang='lat' dir='ltr'><strong><em>ex</em></strong></span> <span class='ocrx_word' id='word_1_163' title='bbox 352 3101 481 3181; x_wconf 87' lang='lat' dir='ltr'><strong><em>Velleio,</em></strong></span> <span class='ocrx_word' id='word_1_164' title='bbox 498 3124 538 3167; x_wconf 89' lang='lat'><strong><em>11.</em></strong></span> <span class='ocrx_word' id='word_1_165' title='bbox 556 3111 625 3167; x_wconf 81' lang='lat' dir='ltr'><strong><em>lto.</em></strong></span> <span class='ocrx_word' id='word_1_166' title='bbox 637 3117 668 3167; x_wconf 89' lang='lat' dir='ltr'><strong><em>et</em></strong></span> <span class='ocrx_word' id='word_1_167' title='bbox 683 3101 864 3181; x_wconf 80' lang='lat' dir='ltr'><strong><em>Ptolemoso,</em></strong></span> <span class='ocrx_word' id='word_1_168' title='bbox 882 3122 922 3165; x_wconf 88' lang='lat'><strong><em>11.</em></strong></span> <span class='ocrx_word' id='word_1_169' title='bbox 941 3110 990 3165; x_wconf 91' lang='lat'><strong><em>11.</em></strong></span> 
     </span>
    </p>
   </div>
   <div class='ocr_carea' id='block_1_7' title="bbox 290 3318 1426 4081">
    <p class='ocr_par' dir='ltr' id='par_1_8' title="bbox 290 3318 1426 4081">
     <span class='ocr_line' id='line_1_23' title="bbox 344 3318 1423 3411; baseline -0.004 -15"><span class='ocrx_word' id='word_1_170' title='bbox 344 3330 434 3397; x_wconf 76' lang='lat' dir='ltr'><strong><em>Cer.</em></strong></span> <span class='ocrx_word' id='word_1_171' title='bbox 449 3340 481 3395; x_wconf 86' lang='lat'><strong><em>8.</em></strong></span> <span class='ocrx_word' id='word_1_172' title='bbox 526 3329 659 3410; x_wconf 82' lang='lat' dir='ltr'><strong><em>Relicto,</em></strong></span> <span class='ocrx_word' id='word_1_173' title='bbox 685 3329 759 3393; x_wconf 82' lang='lat' dir='ltr'><strong><em>laeuo</em></strong></span> <span class='ocrx_word' id='word_1_174' title='bbox 787 3347 886 3391; x_wconf 87' lang='lat' dir='ltr'><strong><em>omne.</em></strong></span> <span class='ocrx_word' id='word_1_175' title='bbox 934 3325 1100 3411; x_wconf 85' lang='lat' dir='ltr'><strong><em>Perpernm</em></strong></span> <span class='ocrx_word' id='word_1_176' title='bbox 1125 3318 1263 3391; x_wconf 75' lang='lat' dir='ltr'><strong><em>emendit</em></strong></span> <span class='ocrx_word' id='word_1_177' title='bbox 1290 3326 1423 3408; x_wconf 84' lang='lat' dir='ltr'><strong><em>Ursinus,</em></strong></span> 
     </span>
     <span class='ocr_line' id='line_1_24' title="bbox 302 3434 1423 3525; baseline -0.005 -19"><span class='ocrx_word' id='word_1_178' title='bbox 302 3440 404 3506; x_wconf 83' lang='lat' dir='ltr'><strong><em>classis</em></strong></span> <span class='ocrx_word' id='word_1_179' title='bbox 419 3442 544 3505; x_wconf 68' lang='lat' dir='ltr'><strong><em>Amisia</em></strong></span> <span class='ocrx_word' id='word_1_180' title='bbox 562 3440 680 3517; x_wconf 87' lang='lat' dir='ltr'><strong><em>relicta,</em></strong></span> <span class='ocrx_word' id='word_1_181' title='bbox 695 3448 888 3525; x_wconf 84' lang='lat' dir='ltr'><strong><em>errutmnque</em></strong></span> <span class='ocrx_word' id='word_1_182' title='bbox 902 3436 938 3500; x_wconf 84' lang='lat' dir='ltr'><strong><em>in</em></strong></span> <span class='ocrx_word' id='word_1_183' title='bbox 951 3458 995 3514; x_wconf 91' lang='lat' dir='ltr'><strong><em>eo,</em></strong></span> <span class='ocrx_word' id='word_1_184' title='bbox 1011 3436 1094 3523; x_wconf 90' lang='lat' dir='ltr'><strong><em>quod</em></strong></span> <span class='ocrx_word' id='word_1_185' title='bbox 1114 3458 1174 3500; x_wconf 89' lang='lat' dir='ltr'><strong><em>non</em></strong></span> <span class='ocrx_word' id='word_1_186' title='bbox 1194 3434 1343 3515; x_wconf 76' lang='lat' dir='ltr'><strong><em>subvexit,</em></strong></span> <span class='ocrx_word' id='word_1_187' title='bbox 1356 3436 1423 3502; x_wconf 76' lang='lat' dir='ltr'><strong><em>lero</em></strong></span> 
     </span>
     <span class='ocr_line' id='line_1_25' title="bbox 301 3546 1424 3636; baseline -0.005 -19"><span class='ocrx_word' id='word_1_188' title='bbox 301 3574 391 3617; x_wconf 86' lang='lat' dir='ltr'><strong><em>omne</em></strong></span> <span class='ocrx_word' id='word_1_189' title='bbox 418 3551 601 3636; x_wconf 76' lang='lat' dir='ltr'><strong><em>tranuposuit</em></strong></span> <span class='ocrx_word' id='word_1_190' title='bbox 632 3547 761 3614; x_wconf 82' lang='lat' dir='ltr'><strong><em>militem</em></strong></span> <span class='ocrx_word' id='word_1_191' title='bbox 785 3547 905 3611; x_wconf 86' lang='lat' dir='ltr'><strong><em>dertras</em></strong></span> <span class='ocrx_word' id='word_1_192' title='bbox 929 3546 963 3610; x_wconf 85' lang='lat' dir='ltr'><strong><em>e&#39;n</em></strong></span> <span class='ocrx_word' id='word_1_193' title='bbox 996 3556 1092 3610; x_wconf 80' lang='lat' dir='ltr'><strong><em>terrm</em></strong></span> <span class='ocrx_word' id='word_1_194' title='bbox 1119 3549 1246 3611; x_wconf 83' lang='lat' dir='ltr'><strong><em>iturum.</em></strong></span> <span class='ocrx_word' id='word_1_195' title='bbox 1301 3546 1424 3631; x_wconf 67' lang='lat' dir='ltr'><strong><em>Optimi</em></strong></span> 
     </span>
     <span class='ocr_line' id='line_1_26' title="bbox 303 3654 1426 3745; baseline -0.007 -18"><span class='ocrx_word' id='word_1_196' title='bbox 303 3664 434 3727; x_wconf 80' lang='lat' dir='ltr'><strong><em>colraeret</em></strong></span> <span class='ocrx_word' id='word_1_197' title='bbox 452 3661 570 3745; x_wconf 76' lang='lat' dir='ltr'><strong><em>vulgatu</em></strong></span> <span class='ocrx_word' id='word_1_198' title='bbox 588 3659 745 3744; x_wconf 85' lang='lat' dir='ltr'><strong><em>scripturn,</em></strong></span> <span class='ocrx_word' id='word_1_199' title='bbox 764 3654 941 3741; x_wconf 75' lang='lat' dir='ltr'><strong><em>[secundum</em></strong></span> <span class='ocrx_word' id='word_1_200' title='bbox 956 3655 1226 3739; x_wconf 83' lang='lat' dir='ltr'><strong><em>interpunctionem</em></strong></span> <span class='ocrx_word' id='word_1_201' title='bbox 1241 3678 1332 3741; x_wconf 90' lang='lat' dir='ltr'><strong><em>quam</em></strong></span> <span class='ocrx_word' id='word_1_202' title='bbox 1350 3656 1426 3720; x_wconf 79' lang='lat' dir='ltr'><strong><em>exhi-</em></strong></span> 
     </span>
     <span class='ocr_line' id='line_1_27' title="bbox 302 3760 1425 3852; baseline -0.009 -13"><span class='ocrx_word' id='word_1_203' title='bbox 302 3772 370 3839; x_wconf 88' lang='lat' dir='ltr'><strong><em>buit</em></strong></span> <span class='ocrx_word' id='word_1_204' title='bbox 397 3772 536 3851; x_wconf 81' lang='lat' dir='ltr'><strong><em>Brotier3</em></strong></span> <span class='ocrx_word' id='word_1_205' title='bbox 568 3783 602 3836; x_wconf 90' lang='lat' dir='ltr'><strong><em>ut</em></strong></span> <span class='ocrx_word' id='word_1_206' title='bbox 629 3781 698 3833; x_wconf 81' lang='lat' dir='ltr'><strong><em>unte</em></strong></span> <span class='ocrx_word' id='word_1_207' title='bbox 722 3766 907 3851; x_wconf 82' lang='lat' dir='ltr'><strong><em>transposuit</em></strong></span> <span class='ocrx_word' id='word_1_208' title='bbox 935 3760 1175 3849; x_wconf 66' lang='lat' dir='ltr'><strong><em>subintelligatur</em></strong></span> <span class='ocrx_word' id='word_1_209' title='bbox 1198 3766 1315 3851; x_wconf 80' lang='lat' dir='ltr'><strong><em>igitnr3</em></strong></span> <span class='ocrx_word' id='word_1_210' title='bbox 1347 3768 1425 3852; x_wconf 86' lang='lat' dir='ltr'><strong><em>cujus</em></strong></span> 
     </span>
     <span class='ocr_line' id='line_1_28' title="bbox 290 3868 1424 3985; baseline -0.013 -33"><span class='ocrx_word' id='word_1_211' title='bbox 290 3883 457 3985; x_wconf 51' lang='lat' dir='ltr'><strong><em>&#39;puticrdn</em></strong></span> <span class='ocrx_word' id='word_1_212' title='bbox 478 3880 601 3949; x_wconf 89' lang='lat' dir='ltr'><strong><em>omissio</em></strong></span> <span class='ocrx_word' id='word_1_213' title='bbox 619 3903 681 3944; x_wconf 90' lang='lat' dir='ltr'><strong><em>non</em></strong></span> <span class='ocrx_word' id='word_1_214' title='bbox 699 3878 840 3943; x_wconf 85' lang='lat' dir='ltr'><strong><em>abhorret</em></strong></span> <span class='ocrx_word' id='word_1_215' title='bbox 861 3872 880 3939; x_wconf 74' lang='lat' dir='ltr'><strong><em>i</em></strong></span> <span class='ocrx_word' id='word_1_216' title='bbox 897 3875 938 3939; x_wconf 86' lang='lat' dir='ltr'><strong><em>T.</em></strong></span> <span class='ocrx_word' id='word_1_217' title='bbox 961 3875 1105 3939; x_wconf 79' lang='lat' dir='ltr'><strong><em>oratione.</em></strong></span> <span class='ocrx_word' id='word_1_218' title='bbox 1157 3868 1240 3939; x_wconf 88' lang='lat' dir='ltr'><strong><em>Bibl.</em></strong></span> <span class='ocrx_word' id='word_1_219' title='bbox 1265 3874 1342 3942; x_wconf 85' lang='lat' dir='ltr'><strong><em>Crit.</em></strong></span> <span class='ocrx_word' id='word_1_220' title='bbox 1366 3896 1424 3939; x_wconf 83' lang='lat' dir='ltr'><strong><em>vn.</em></strong></span> 
     </span>
     <span class='ocr_line' id='line_1_29' title="bbox 303 3994 478 4081; baseline 0 -22"><span class='ocrx_word' id='word_1_221' title='bbox 303 3994 343 4059; x_wconf 90' lang='lat' dir='ltr'><strong><em>P.</em></strong></span> <span class='ocrx_word' id='word_1_222' title='bbox 357 3996 396 4062; x_wconf 83' lang='lat' dir='ltr'><strong><em>ui.</em></strong></span> <span class='ocrx_word' id='word_1_223' title='bbox 409 3996 478 4081; x_wconf 88' lang='grc'><strong>61.]</strong></span> 
     </span>
    </p>
   </div>
   <div class='ocr_carea' id='block_1_8' title="bbox 273 4210 1424 4621">
    <p class='ocr_par' dir='ltr' id='par_1_9' title="bbox 273 4210 1424 4621">
     <span class='ocr_line' id='line_1_30' title="bbox 346 4210 1423 4302; baseline -0.008 -18"><span class='ocrx_word' id='word_1_224' title='bbox 346 4218 436 4302; x_wconf 65' lang='grc' dir='ltr'><strong><em>(ζμ.</em></strong></span> <span class='ocrx_word' id='word_1_225' title='bbox 460 4224 492 4291; x_wconf 87' lang='grc'><strong><em>9.</em></strong></span> <span class='ocrx_word' id='word_1_226' title='bbox 538 4215 616 4281; x_wconf 80' lang='lat' dir='ltr'><strong><em>Turn</em></strong></span> <span class='ocrx_word' id='word_1_227' title='bbox 637 4216 826 4301; x_wconf 76' lang='lat' dir='ltr'><strong><em>permissum.</em></strong></span> <span class='ocrx_word' id='word_1_228' title='bbox 872 4210 947 4275; x_wconf 90' lang='lat' dir='ltr'><strong><em>Non</em></strong></span> <span class='ocrx_word' id='word_1_229' title='bbox 969 4210 1106 4296; x_wconf 86' lang='lat' dir='ltr'><strong><em>displicet</em></strong></span> <span class='ocrx_word' id='word_1_230' title='bbox 1130 4210 1249 4296; x_wconf 66' lang='lat' dir='ltr'><strong><em>uulgata</em></strong></span> <span class='ocrx_word' id='word_1_231' title='bbox 1273 4212 1423 4296; x_wconf 82' lang='lat' dir='ltr'><strong><em>scripture.</em></strong></span> 
     </span>
     <span class='ocr_line' id='line_1_31' title="bbox 273 4321 1423 4407; baseline -0.008 -12"><span class='ocrx_word' id='word_1_232' title='bbox 273 4394 276 4401; x_wconf 25' lang='lat'><strong>⁴</strong></span> <span class='ocrx_word' id='word_1_233' title='bbox 302 4328 448 4395; x_wconf 86' lang='lat' dir='ltr'><strong><em>Muretus</em></strong></span> <span class='ocrx_word' id='word_1_234' title='bbox 460 4340 561 4393; x_wconf 70' lang='lat' dir='ltr'><strong><em>umen</em></strong></span> <span class='ocrx_word' id='word_1_235' title='bbox 574 4324 664 4405; x_wconf 85' lang='lat' dir='ltr'><strong><em>delet,</em></strong></span> <span class='ocrx_word' id='word_1_236' title='bbox 676 4336 751 4389; x_wconf 86' lang='lat' dir='ltr'><strong><em>tum.</em></strong></span> <span class='ocrx_word' id='word_1_237' title='bbox 787 4321 932 4388; x_wconf 84' lang='lat' dir='ltr'><strong><em>Heinsius</em></strong></span> <span class='ocrx_word' id='word_1_238' title='bbox 942 4322 1090 4400; x_wconf 85' lang='lat' dir='ltr'><strong><em>emendat,</em></strong></span> <span class='ocrx_word' id='word_1_239' title='bbox 1106 4332 1181 4401; x_wconf 89' lang='lat' dir='ltr'><strong><em>turn,</em></strong></span> <span class='ocrx_word' id='word_1_240' title='bbox 1195 4334 1232 4387; x_wconf 89' lang='lat' dir='ltr'><strong><em>ut</em></strong></span> <span class='ocrx_word' id='word_1_241' title='bbox 1240 4324 1423 4407; x_wconf 75' lang='lat' dir='ltr'><strong><em>permissus,</em></strong></span> 
     </span>
     <span class='ocr_line' id='line_1_32' title="bbox 296 4430 1424 4525; baseline -0.009 -22"><span class='ocrx_word' id='word_1_242' title='bbox 296 4460 480 4525; x_wconf 78' lang='lat' dir='ltr'><strong><em>progressus.</em></strong></span> <span class='ocrx_word' id='word_1_243' title='bbox 523 4436 652 4501; x_wconf 84' lang='lat' dir='ltr'><strong><em>Amicus</em></strong></span> <span class='ocrx_word' id='word_1_244' title='bbox 672 4436 753 4522; x_wconf 76' lang='lat' dir='ltr'><strong><em>apud</em></strong></span> <span class='ocrx_word' id='word_1_245' title='bbox 779 4432 943 4519; x_wconf 82' lang='lat' dir='ltr'><strong><em>Ryckium,</em></strong></span> <span class='ocrx_word' id='word_1_246' title='bbox 971 4430 1005 4496; x_wconf 84' lang='lat' dir='ltr'><strong><em>id</em></strong></span> <span class='ocrx_word' id='word_1_247' title='bbox 1032 4442 1095 4499; x_wconf 83' lang='lat' dir='ltr'><strong><em>tuns</em></strong></span> <span class='ocrx_word' id='word_1_248' title='bbox 1120 4434 1311 4521; x_wconf 74' lang='lat' dir='ltr'><strong><em>pertulusum.</em></strong></span> <span class='ocrx_word' id='word_1_249' title='bbox 1352 4430 1424 4498; x_wconf 85' lang='lat' dir='ltr'><strong><em>Vide</em></strong></span> 
     </span>
     <span class='ocr_line' id='line_1_33' title="bbox 302 4548 643 4621; baseline -0.023 0"><span class='ocrx_word' id='word_1_250' title='bbox 302 4548 397 4621; x_wconf 73' lang='lat' dir='ltr'><strong><em>Misi.</em></strong></span> <span class='ocrx_word' id='word_1_251' title='bbox 413 4548 643 4615; x_wconf 80' lang='lat' dir='ltr'><strong><em>Obs.1x.383.</em></strong></span> 
     </span>
    </p>
   </div>
   <div class='ocr_carea' id='block_1_9' title="bbox 0 0 1605 5508">
    <p class='ocr_par' dir='ltr' id='par_1_10' title="bbox 0 0 1605 5508">
     <span class='ocr_line' id='line_1_34' title="bbox 0 0 1605 5508; baseline 0 0"><span class='ocrx_word' id='word_1_252' title='bbox 0 0 1605 5508; x_wconf 95' lang='lat' dir='ltr'><strong><em> </em></strong></span> 
     </span>
    </p>
   </div>
  </div>
 </body>
</html>
