<?xml version="1.0" encoding="UTF-8"?>
<!DOCTYPE html PUBLIC "-//W3C//DTD XHTML 1.0 Transitional//EN"
    "http://www.w3.org/TR/xhtml1/DTD/xhtml1-transitional.dtd">
<html xmlns="http://www.w3.org/1999/xhtml" xml:lang="en" lang="en">
 <head>
  <title>
</title>
<meta http-equiv="Content-Type" content="text/html;charset=utf-8" />
  <meta name='ocr-system' content='tesseract 3.04.00' />
  <meta name='ocr-capabilities' content='ocr_page ocr_carea ocr_par ocr_line ocrx_word'/>
</head>
<body>
  <div class='ocr_page' id='page_1' title='image "./opera00valpgoog_0211.png"; bbox 0 0 3200 5509; ppageno 0'>
   <div class='ocr_carea' id='block_1_1' title="bbox 338 530 1462 892">
    <p class='ocr_par' dir='ltr' id='par_1_1' title="bbox 338 530 1462 892">
     <span class='ocr_line' id='line_1_1' title="bbox 342 530 1462 623; baseline 0.009 -21"><span class='ocrx_word' id='word_1_1' title='bbox 342 556 429 623; x_wconf 78' lang='lat' dir='ltr'><strong>m,</strong></span> <span class='ocrx_word' id='word_1_2' title='bbox 693 545 727 601; x_wconf 87' lang='lat' dir='ltr'><strong>c.</strong></span> <span class='ocrx_word' id='word_1_3' title='bbox 748 543 944 603; x_wconf 82' lang='lat' dir='ltr'><strong>conuuuu</strong></span> <span class='ocrx_word' id='word_1_4' title='bbox 964 543 1100 604; x_wconf 71' lang='lat' dir='ltr'><strong>sacrm</strong></span> <span class='ocrx_word' id='word_1_5' title='bbox 1244 530 1462 618; x_wconf 61' lang='lat' dir='ltr'><strong>sujum.</strong></span> 
     </span>
     <span class='ocr_line' id='line_1_2' title="bbox 338 697 1461 810; baseline 0.001 -32"><span class='ocrx_word' id='word_1_6' title='bbox 338 699 584 778; x_wconf 75' lang='lat' dir='ltr'><strong>accusationem</strong></span> <span class='ocrx_word' id='word_1_7' title='bbox 603 711 776 794; x_wconf 82' lang='lat' dir='ltr'>tamquam</span> <span class='ocrx_word' id='word_1_8' title='bbox 791 697 957 772; x_wconf 69' lang='lat' dir='ltr'><strong>adversus</strong></span> <span class='ocrx_word' id='word_1_9' title='bbox 970 713 1125 810; x_wconf 79' lang='lat' dir='ltr'><strong>receptos</strong></span> <span class='ocrx_word' id='word_1_10' title='bbox 1135 700 1207 798; x_wconf 82' lang='lat' dir='ltr'><strong>jam</strong></span> <span class='ocrx_word' id='word_1_11' title='bbox 1221 725 1300 775; x_wconf 89' lang='lat' dir='ltr'><strong>reos</strong></span> <span class='ocrx_word' id='word_1_12' title='bbox 1318 702 1461 779; x_wconf 82' lang='lat' dir='ltr'><strong>instrue·</strong></span> 
     </span>
     <span class='ocr_line' id='line_1_3' title="bbox 338 821 430 892; baseline -0.022 0"><span class='ocrx_word' id='word_1_13' title='bbox 338 821 430 892; x_wconf 66' lang='lat' dir='ltr'><strong>banis</strong></span> 
     </span>
    </p>
   </div>
   <div class='ocr_carea' id='block_1_2' title="bbox 337 1041 1462 1258">
    <p class='ocr_par' dir='ltr' id='par_1_2' title="bbox 337 1041 1462 1258">
     <span class='ocr_line' id='line_1_4' title="bbox 337 1041 1461 1140; baseline 0.002 -22"><span class='ocrx_word' id='word_1_14' title='bbox 337 1110 341 1118; x_wconf 94' lang='lat'><em>.</em></span> <span class='ocrx_word' id='word_1_15' title='bbox 385 1055 443 1124; x_wconf 84' lang='lat'><strong>75.</strong></span> <span class='ocrx_word' id='word_1_16' title='bbox 468 1049 518 1117; x_wconf 88' lang='lat' dir='ltr'><strong>At</strong></span> <span class='ocrx_word' id='word_1_17' title='bbox 543 1048 780 1131; x_wconf 77' lang='lat' dir='ltr'><strong>Aeninnnsn,</strong></span> <span class='ocrx_word' id='word_1_18' title='bbox 809 1067 1016 1140; x_wconf 87' lang='lat' dir='ltr'><strong>quamquam</strong></span> <span class='ocrx_word' id='word_1_19' title='bbox 1044 1041 1175 1118; x_wconf 86' lang='lat' dir='ltr'><strong>defessa</strong></span> <span class='ocrx_word' id='word_1_20' title='bbox 1201 1043 1311 1134; x_wconf 92' lang='lat' dir='ltr'><strong>luctu,</strong></span> <span class='ocrx_word' id='word_1_21' title='bbox 1336 1065 1371 1120; x_wconf 92' lang='lat' dir='ltr'><strong>et</strong></span> <span class='ocrx_word' id='word_1_22' title='bbox 1388 1059 1461 1120; x_wconf 60' lang='lat' dir='ltr'><strong>cors</strong></span> 
     </span>
     <span class='ocr_line' id='line_1_5' title="bbox 337 1157 1462 1258; baseline -0.001 -25"><span class='ocrx_word' id='word_1_23' title='bbox 337 1185 419 1258; x_wconf 92' lang='lat' dir='ltr'><strong>pore</strong></span> <span class='ocrx_word' id='word_1_24' title='bbox 435 1184 542 1258; x_wconf 83' lang='lat' dir='ltr'><strong>aegro,</strong></span> <span class='ocrx_word' id='word_1_25' title='bbox 559 1157 712 1230; x_wconf 88' lang='lat' dir='ltr'><strong>omnium</strong></span> <span class='ocrx_word' id='word_1_26' title='bbox 735 1175 861 1244; x_wconf 76' lang='lat' dir='ltr'><strong>mosen,</strong></span> <span class='ocrx_word' id='word_1_27' title='bbox 878 1182 956 1252; x_wconf 79' lang='lat' dir='ltr'><strong>quas</strong></span> <span class='ocrx_word' id='word_1_28' title='bbox 984 1157 1147 1230; x_wconf 88' lang='lat' dir='ltr'><strong>ultionem</strong></span> <span class='ocrx_word' id='word_1_29' title='bbox 1163 1176 1388 1249; x_wconf 85' lang='lat' dir='ltr'><strong>morarentur,</strong></span> <span class='ocrx_word' id='word_1_30' title='bbox 1411 1162 1462 1233; x_wconf 56' lang='lat' dir='ltr'><strong>ins</strong></span> 
     </span>
    </p>
   </div>
   <div class='ocr_carea' id='block_1_3' title="bbox 336 1270 1565 1383">
    <p class='ocr_par' dir='ltr' id='par_1_3' title="bbox 336 1270 1565 1383">
     <span class='ocr_line' id='line_1_6' title="bbox 336 1270 1565 1383; baseline -0.002 -36"><span class='ocrx_word' id='word_1_31' title='bbox 336 1277 495 1361; x_wconf 87' lang='lat' dir='ltr'><strong>tolerans,</strong></span> <span class='ocrx_word' id='word_1_32' title='bbox 521 1271 668 1344; x_wconf 89' lang='lat' dir='ltr'><strong>ascendit</strong></span> <span class='ocrx_word' id='word_1_33' title='bbox 691 1271 831 1344; x_wconf 84' lang='lat' dir='ltr'><strong>classem</strong></span> <span class='ocrx_word' id='word_1_34' title='bbox 846 1295 927 1342; x_wconf 93' lang='lat' dir='ltr'><strong>cum</strong></span> <span class='ocrx_word' id='word_1_35' title='bbox 942 1270 1109 1344; x_wconf 83' lang='lat' dir='ltr'><strong>cineribus</strong></span> <span class='ocrx_word' id='word_1_36' title='bbox 1138 1273 1344 1360; x_wconf 81' lang='lat' dir='ltr'><strong>Gemanici,</strong></span> <span class='ocrx_word' id='word_1_37' title='bbox 1370 1292 1405 1346; x_wconf 89' lang='lat' dir='ltr'><strong>et</strong></span> <span class='ocrx_word' id='word_1_38' title='bbox 1419 1275 1463 1346; x_wconf 90' lang='lat' dir='ltr'><strong>li·</strong></span> <span class='ocrx_word' id='word_1_39' title='bbox 1564 1360 1565 1383; x_wconf 13' lang='grc' dir='ltr'><strong>Χ</strong></span> 
     </span>
    </p>
   </div>
   <div class='ocr_carea' id='block_1_4' title="bbox 335 1384 1462 2392">
    <p class='ocr_par' dir='ltr' id='par_1_4' title="bbox 335 1384 1462 2392">
     <span class='ocr_line' id='line_1_7' title="bbox 335 1384 1459 1482; baseline -0.001 -21"><span class='ocrx_word' id='word_1_40' title='bbox 335 1389 451 1476; x_wconf 83' lang='lat' dir='ltr'><strong>beris;</strong></span> <span class='ocrx_word' id='word_1_41' title='bbox 492 1385 724 1458; x_wconf 88' lang='lat' dir='ltr'><strong>miserantibus</strong></span> <span class='ocrx_word' id='word_1_42' title='bbox 756 1384 898 1472; x_wconf 85' lang='lat' dir='ltr'><strong>cunctis,</strong></span> <span class='ocrx_word' id='word_1_43' title='bbox 931 1393 956 1428; x_wconf 94' lang='lat'>“</span> <span class='ocrx_word' id='word_1_44' title='bbox 986 1387 1082 1482; x_wconf 79' lang='lat' dir='ltr'><strong>quod</strong></span> <span class='ocrx_word' id='word_1_45' title='bbox 1119 1384 1261 1459; x_wconf 87' lang='lat' dir='ltr'><strong>foemina</strong></span> <span class='ocrx_word' id='word_1_46' title='bbox 1292 1388 1459 1460; x_wconf 88' lang='lat' dir='ltr'><strong>nobilitate</strong></span> 
     </span>
     <span class='ocr_line' id='line_1_8' title="bbox 337 1499 1461 1596; baseline 0.002 -24"><span class='ocrx_word' id='word_1_47' title='bbox 337 1509 365 1548; x_wconf 83' lang='lat'>“</span> <span class='ocrx_word' id='word_1_48' title='bbox 380 1501 548 1596; x_wconf 90' lang='lat' dir='ltr'><strong>princeps,</strong></span> <span class='ocrx_word' id='word_1_49' title='bbox 563 1499 791 1596; x_wconf 91' lang='lat' dir='ltr'><strong>pulcherrimo</strong></span> <span class='ocrx_word' id='word_1_50' title='bbox 804 1500 911 1572; x_wconf 82' lang='lat' dir='ltr'><strong>modo</strong></span> <span class='ocrx_word' id='word_1_51' title='bbox 926 1501 1153 1588; x_wconf 85' lang='lat' dir='ltr'><strong>matrimonio,</strong></span> <span class='ocrx_word' id='word_1_52' title='bbox 1164 1500 1253 1572; x_wconf 91' lang='lat' dir='ltr'><strong>inter</strong></span> <span class='ocrx_word' id='word_1_53' title='bbox 1266 1521 1461 1574; x_wconf 84' lang='lat' dir='ltr'><strong>venerantes</strong></span> 
     </span>
     <span class='ocr_line' id='line_1_9' title="bbox 338 1611 1461 1712; baseline 0.001 -26"><span class='ocrx_word' id='word_1_54' title='bbox 338 1622 365 1658; x_wconf 90' lang='lat'>“</span> <span class='ocrx_word' id='word_1_55' title='bbox 380 1631 614 1712; x_wconf 85' lang='lat' dir='ltr'><strong>gratantesque</strong></span> <span class='ocrx_word' id='word_1_56' title='bbox 630 1613 729 1710; x_wconf 87' lang='lat' dir='ltr'><strong>aspici</strong></span> <span class='ocrx_word' id='word_1_57' title='bbox 745 1613 854 1701; x_wconf 91' lang='lat' dir='ltr'><strong>solita,</strong></span> <span class='ocrx_word' id='word_1_58' title='bbox 863 1631 944 1686; x_wconf 90' lang='lat' dir='ltr'><strong>tunc</strong></span> <span class='ocrx_word' id='word_1_59' title='bbox 960 1611 1081 1686; x_wconf 86' lang='lat' dir='ltr'><strong>ferales</strong></span> <span class='ocrx_word' id='word_1_60' title='bbox 1090 1614 1246 1711; x_wconf 85' lang='lat' dir='ltr'><strong>reliquias</strong></span> <span class='ocrx_word' id='word_1_61' title='bbox 1254 1615 1332 1687; x_wconf 91' lang='lat' dir='ltr'><strong>sinu</strong></span> <span class='ocrx_word' id='word_1_62' title='bbox 1345 1613 1461 1704; x_wconf 85' lang='lat' dir='ltr'><strong>ferret,</strong></span> 
     </span>
     <span class='ocr_line' id='line_1_10' title="bbox 336 1727 1460 1815; baseline 0.002 -15"><span class='ocrx_word' id='word_1_63' title='bbox 336 1735 363 1787; x_wconf 60' lang='lat' dir='ltr'><strong>t‘</strong></span> <span class='ocrx_word' id='word_1_64' title='bbox 380 1728 506 1802; x_wconf 88' lang='lat' dir='ltr'><strong>incerta</strong></span> <span class='ocrx_word' id='word_1_65' title='bbox 521 1727 668 1814; x_wconf 90' lang='lat' dir='ltr'><strong>ultionis,</strong></span> <span class='ocrx_word' id='word_1_66' title='bbox 684 1727 783 1800; x_wconf 81' lang='lat' dir='ltr'><strong>anxia</strong></span> <span class='ocrx_word' id='word_1_67' title='bbox 798 1727 863 1815; x_wconf 90' lang='lat' dir='ltr'><strong>sui,</strong></span> <span class='ocrx_word' id='word_1_68' title='bbox 884 1744 918 1801; x_wconf 92' lang='lat' dir='ltr'><strong>et</strong></span> <span class='ocrx_word' id='word_1_69' title='bbox 932 1727 1056 1802; x_wconf 81' lang='lat' dir='ltr'><strong>infelici</strong></span> <span class='ocrx_word' id='word_1_70' title='bbox 1076 1727 1297 1802; x_wconf 82' lang='lat' dir='ltr'><strong>foecunditate</strong></span> <span class='ocrx_word' id='word_1_71' title='bbox 1315 1727 1460 1802; x_wconf 70' lang='lat' dir='ltr'><strong>fortuna</strong></span> 
     </span>
     <span class='ocr_line' id='line_1_11' title="bbox 336 1840 1461 1938; baseline 0.001 -23"><span class='ocrx_word' id='word_1_72' title='bbox 336 1851 363 1915; x_wconf 90' lang='lat'><strong>.“</strong></span> <span class='ocrx_word' id='word_1_73' title='bbox 379 1842 500 1914; x_wconf 87' lang='lat' dir='ltr'><strong>totiens</strong></span> <span class='ocrx_word' id='word_1_74' title='bbox 515 1841 700 1914; x_wconf 86' lang='lat' dir='ltr'><strong>obnoxia.”</strong></span> <span class='ocrx_word' id='word_1_75' title='bbox 741 1841 898 1914; x_wconf 89' lang='lat' dir='ltr'><strong>Pisonem</strong></span> <span class='ocrx_word' id='word_1_76' title='bbox 913 1840 1047 1914; x_wconf 87' lang='lat' dir='ltr'><strong>interim</strong></span> <span class='ocrx_word' id='word_1_77' title='bbox 1058 1843 1149 1938; x_wconf 89' lang='lat' dir='ltr'><strong>apud</strong></span> <span class='ocrx_word' id='word_1_78' title='bbox 1166 1845 1282 1916; x_wconf 90' lang='lat' dir='ltr'><strong>Coum</strong></span> <span class='ocrx_word' id='word_1_79' title='bbox 1296 1843 1461 1916; x_wconf 78' lang='lat' dir='ltr'><strong>insulam¹</strong></span> 
     </span>
     <span class='ocr_line' id='line_1_12' title="bbox 336 1955 1461 2051; baseline 0.002 -23"><span class='ocrx_word' id='word_1_80' title='bbox 336 1955 474 2028; x_wconf 90' lang='lat' dir='ltr'><strong>nuntius</strong></span> <span class='ocrx_word' id='word_1_81' title='bbox 490 1955 697 2051; x_wconf 86' lang='lat' dir='ltr'><strong>adsequitur,</strong></span> <span class='ocrx_word' id='word_1_82' title='bbox 707 1964 732 1997; x_wconf 91' lang='grc'><strong>“</strong></span> <span class='ocrx_word' id='word_1_83' title='bbox 744 1956 925 2028; x_wconf 86' lang='lat' dir='ltr'><strong>excessisse</strong></span> <span class='ocrx_word' id='word_1_84' title='bbox 935 1957 1217 2030; x_wconf 87' lang='lat' dir='ltr'><strong>Germanicum.”</strong></span> <span class='ocrx_word' id='word_1_85' title='bbox 1244 1959 1334 2050; x_wconf 77' lang='lat' dir='ltr'><strong>Quo</strong></span> <span class='ocrx_word' id='word_1_86' title='bbox 1344 1957 1461 2030; x_wconf 86' lang='lat' dir='ltr'><strong>intem·</strong></span> 
     </span>
     <span class='ocr_line' id='line_1_13' title="bbox 337 2068 1460 2166; baseline 0 -24"><span class='ocrx_word' id='word_1_87' title='bbox 337 2086 493 2166; x_wconf 89' lang='lat' dir='ltr'><strong>peranter</strong></span> <span class='ocrx_word' id='word_1_88' title='bbox 517 2087 669 2164; x_wconf 88' lang='lat' dir='ltr'><strong>accepto,</strong></span> <span class='ocrx_word' id='word_1_89' title='bbox 694 2069 793 2142; x_wconf 84' lang='lat' dir='ltr'><strong>caedit</strong></span> <span class='ocrx_word' id='word_1_90' title='bbox 821 2068 983 2157; x_wconf 87' lang='lat' dir='ltr'><strong>victimas,</strong></span> <span class='ocrx_word' id='word_1_91' title='bbox 998 2070 1069 2142; x_wconf 85' lang='lat' dir='ltr'><strong>adit</strong></span> <span class='ocrx_word' id='word_1_92' title='bbox 1092 2071 1239 2166; x_wconf 83' lang='lat' dir='ltr'><strong>templa:</strong></span> <span class='ocrx_word' id='word_1_93' title='bbox 1265 2093 1377 2166; x_wconf 88' lang='lat' dir='ltr'><strong>neque</strong></span> <span class='ocrx_word' id='word_1_94' title='bbox 1391 2070 1460 2166; x_wconf 87' lang='lat' dir='ltr'><strong>ipse</strong></span> 
     </span>
     <span class='ocr_line' id='line_1_14' title="bbox 336 2181 1462 2282; baseline 0.004 -28"><span class='ocrx_word' id='word_1_95' title='bbox 336 2183 499 2282; x_wconf 84' lang='lat' dir='ltr'><strong>gaudium</strong></span> <span class='ocrx_word' id='word_1_96' title='bbox 525 2183 716 2270; x_wconf 80' lang='lat' dir='ltr'><strong>moderans,</strong></span> <span class='ocrx_word' id='word_1_97' title='bbox 742 2199 776 2253; x_wconf 93' lang='lat' dir='ltr'><strong>et</strong></span> <span class='ocrx_word' id='word_1_98' title='bbox 803 2181 910 2279; x_wconf 81' lang='lat' dir='ltr'><strong>magis</strong></span> <span class='ocrx_word' id='word_1_99' title='bbox 937 2182 1156 2256; x_wconf 90' lang='lat' dir='ltr'><strong>insolescente</strong></span> <span class='ocrx_word' id='word_1_100' title='bbox 1182 2183 1358 2272; x_wconf 77' lang='lat' dir='ltr'><strong>Plancini,</strong></span> <span class='ocrx_word' id='word_1_101' title='bbox 1382 2210 1462 2280; x_wconf 80' lang='lat' dir='ltr'><strong>quae</strong></span> 
     </span>
     <span class='ocr_line' id='line_1_15' title="bbox 336 2295 1385 2392; baseline 0 -21"><span class='ocrx_word' id='word_1_102' title='bbox 336 2299 468 2371; x_wconf 88' lang='lat' dir='ltr'><strong>luctum</strong></span> <span class='ocrx_word' id='word_1_103' title='bbox 483 2297 612 2372; x_wconf 79' lang='lat' dir='ltr'><strong>arnissae</strong></span> <span class='ocrx_word' id='word_1_104' title='bbox 627 2295 751 2370; x_wconf 90' lang='lat' dir='ltr'><strong>sororis</strong></span> <span class='ocrx_word' id='word_1_105' title='bbox 767 2311 842 2368; x_wconf 91' lang='lat' dir='ltr'><strong>tum</strong></span> <span class='ocrx_word' id='word_1_106' title='bbox 857 2295 1010 2392; x_wconf 79' lang='lat' dir='ltr'><strong>primum</strong></span> <span class='ocrx_word' id='word_1_107' title='bbox 1026 2296 1105 2370; x_wconf 81' lang='lat' dir='ltr'><strong>laeto</strong></span> <span class='ocrx_word' id='word_1_108' title='bbox 1121 2297 1216 2370; x_wconf 90' lang='lat' dir='ltr'><strong>cultu</strong></span> <span class='ocrx_word' id='word_1_109' title='bbox 1231 2297 1385 2371; x_wconf 75' lang='lat' dir='ltr'><strong>mutarit·</strong></span> 
     </span>
    </p>
   </div>
   <div class='ocr_carea' id='block_1_5' title="bbox 296 2523 1461 3876">
    <p class='ocr_par' dir='ltr' id='par_1_5' title="bbox 296 2523 1461 3531">
     <span class='ocr_line' id='line_1_16' title="bbox 387 2523 1461 2621; baseline -0.005 -18"><span class='ocrx_word' id='word_1_110' title='bbox 387 2536 444 2604; x_wconf 82' lang='lat'><strong>76.</strong></span> <span class='ocrx_word' id='word_1_111' title='bbox 470 2532 738 2598; x_wconf 75' lang='lat' dir='ltr'><strong>Auruunnnur</strong></span> <span class='ocrx_word' id='word_1_112' title='bbox 765 2523 991 2613; x_wconf 87' lang='lat' dir='ltr'><strong>centuriones,</strong></span> <span class='ocrx_word' id='word_1_113' title='bbox 1017 2525 1267 2620; x_wconf 91' lang='lat' dir='ltr'><strong>monebantque</strong></span> <span class='ocrx_word' id='word_1_114' title='bbox 1288 2531 1314 2568; x_wconf 84' lang='lat'><strong>‘⁴</strong></span> <span class='ocrx_word' id='word_1_115' title='bbox 1330 2543 1461 2621; x_wconf 85' lang='lat' dir='ltr'><strong>promta</strong></span> 
     </span>
     <span class='ocr_line' id='line_1_17' title="bbox 337 2636 1461 2736; baseline 0 -25"><span class='ocrx_word' id='word_1_116' title='bbox 337 2640 427 2711; x_wconf 85' lang='lat' dir='ltr'><strong>“illi</strong></span> <span class='ocrx_word' id='word_1_117' title='bbox 455 2639 627 2736; x_wconf 86' lang='lat' dir='ltr'><strong>legionum</strong></span> <span class='ocrx_word' id='word_1_118' title='bbox 654 2636 782 2708; x_wconf 86' lang='lat' dir='ltr'><strong>studia:</strong></span> <span class='ocrx_word' id='word_1_119' title='bbox 809 2655 976 2732; x_wconf 84' lang='lat' dir='ltr'><strong>repeteret</strong></span> <span class='ocrx_word' id='word_1_120' title='bbox 1003 2637 1210 2732; x_wconf 83' lang='lat' dir='ltr'><strong>provinciam</strong></span> <span class='ocrx_word' id='word_1_121' title='bbox 1229 2661 1302 2711; x_wconf 90' lang='lat' dir='ltr'><strong>non</strong></span> <span class='ocrx_word' id='word_1_122' title='bbox 1312 2642 1391 2735; x_wconf 88' lang='lat' dir='ltr'><strong>jure</strong></span> <span class='ocrx_word' id='word_1_123' title='bbox 1406 2643 1461 2711; x_wconf 89' lang='lat' dir='ltr'><strong>ab-</strong></span> 
     </span>
     <span class='ocr_line' id='line_1_18' title="bbox 337 2750 1460 2849; baseline 0 -23"><span class='ocrx_word' id='word_1_124' title='bbox 337 2761 363 2796; x_wconf 89' lang='lat'><strong>“</strong></span> <span class='ocrx_word' id='word_1_125' title='bbox 380 2755 493 2839; x_wconf 88' lang='lat' dir='ltr'><strong>latam,</strong></span> <span class='ocrx_word' id='word_1_126' title='bbox 510 2769 543 2824; x_wconf 89' lang='lat' dir='ltr'><strong>et</strong></span> <span class='ocrx_word' id='word_1_127' title='bbox 555 2751 732 2824; x_wconf 87' lang='lat' dir='ltr'><strong>vacuam.&#39;&#39;</strong></span> <span class='ocrx_word' id='word_1_128' title='bbox 770 2750 878 2847; x_wconf 88' lang='lat' dir='ltr'><strong>lgitur</strong></span> <span class='ocrx_word' id='word_1_129' title='bbox 894 2759 919 2792; x_wconf 92' lang='lat'>“</span> <span class='ocrx_word' id='word_1_130' title='bbox 935 2750 1019 2846; x_wconf 91' lang='lat' dir='ltr'><strong>quid</strong></span> <span class='ocrx_word' id='word_1_131' title='bbox 1034 2751 1230 2849; x_wconf 82' lang='lat' dir='ltr'><strong>agendum&#39;&#39;</strong></span> <span class='ocrx_word' id='word_1_132' title='bbox 1247 2753 1460 2841; x_wconf 87' lang='lat' dir='ltr'><strong>consultanti,</strong></span> 
     </span>
     <span class='ocr_line' id='line_1_19' title="bbox 337 2864 1457 2960; baseline 0 -22"><span class='ocrx_word' id='word_1_133' title='bbox 337 2869 391 2938; x_wconf 91' lang='grc' dir='ltr'><strong>Μ.</strong></span> <span class='ocrx_word' id='word_1_134' title='bbox 423 2866 500 2938; x_wconf 90' lang='lat' dir='ltr'><strong>Piso</strong></span> <span class='ocrx_word' id='word_1_135' title='bbox 533 2864 622 2947; x_wconf 84' lang='lat' dir='ltr'><strong>filius</strong></span> <span class='ocrx_word' id='word_1_136' title='bbox 666 2865 966 2960; x_wconf 83' lang='lat' dir='ltr'><strong>“properandum</strong></span> <span class='ocrx_word' id='word_1_137' title='bbox 1001 2865 1038 2938; x_wconf 89' lang='lat' dir='ltr'><strong>in</strong></span> <span class='ocrx_word' id='word_1_138' title='bbox 1087 2867 1233 2938; x_wconf 87' lang='lat' dir='ltr'><strong>urbem”</strong></span> <span class='ocrx_word' id='word_1_139' title='bbox 1277 2868 1457 2943; x_wconf 86' lang='lat' dir='ltr'><strong>censebat:</strong></span> 
     </span>
     <span class='ocr_line' id='line_1_20' title="bbox 337 2977 1460 3076; baseline 0 -24"><span class='ocrx_word' id='word_1_140' title='bbox 337 2988 364 3044; x_wconf 63' lang='lat'><strong>⁵⁶</strong></span> <span class='ocrx_word' id='word_1_141' title='bbox 379 2980 461 3052; x_wconf 89' lang='lat' dir='ltr'><strong>nihil</strong></span> <span class='ocrx_word' id='word_1_142' title='bbox 483 2979 594 3052; x_wconf 88' lang='lat' dir='ltr'><strong>adhuc</strong></span> <span class='ocrx_word' id='word_1_143' title='bbox 610 2977 810 3074; x_wconf 84' lang='lat' dir='ltr'><strong>inexpiabile</strong></span> <span class='ocrx_word' id='word_1_144' title='bbox 833 2978 1030 3067; x_wconf 82' lang='lat' dir='ltr'><strong>admissum,</strong></span> <span class='ocrx_word' id='word_1_145' title='bbox 1054 3003 1167 3076; x_wconf 88' lang='lat' dir='ltr'><strong>neque</strong></span> <span class='ocrx_word' id='word_1_146' title='bbox 1180 2977 1386 3075; x_wconf 73' lang='lat' dir='ltr'><strong>stupidones</strong></span> <span class='ocrx_word' id='word_1_147' title='bbox 1400 2981 1460 3052; x_wconf 88' lang='lat' dir='ltr'><strong>irn-</strong></span> 
     </span>
     <span class='ocr_line' id='line_1_21' title="bbox 338 3090 1461 3190; baseline 0 -23"><span class='ocrx_word' id='word_1_148' title='bbox 338 3103 364 3147; x_wconf 79' lang='lat'><strong>⁵‘</strong></span> <span class='ocrx_word' id='word_1_149' title='bbox 379 3094 526 3181; x_wconf 89' lang='lat' dir='ltr'><strong>becillas,</strong></span> <span class='ocrx_word' id='word_1_150' title='bbox 540 3111 597 3166; x_wconf 86' lang='lat' dir='ltr'><strong>aut</strong></span> <span class='ocrx_word' id='word_1_151' title='bbox 612 3092 721 3164; x_wconf 87' lang='lat' dir='ltr'><strong>inania</strong></span> <span class='ocrx_word' id='word_1_152' title='bbox 735 3090 837 3166; x_wconf 81' lang='lat' dir='ltr'><strong>famae</strong></span> <span class='ocrx_word' id='word_1_153' title='bbox 852 3094 1137 3188; x_wconf 87' lang='lat' dir='ltr'><strong>pertimescenda:</strong></span> <span class='ocrx_word' id='word_1_154' title='bbox 1162 3093 1367 3178; x_wconf 79' lang='lat' dir='ltr'><strong>discordiam</strong></span> <span class='ocrx_word' id='word_1_155' title='bbox 1380 3117 1461 3190; x_wconf 81' lang='lat' dir='ltr'><strong>erga</strong></span> 
     </span>
     <span class='ocr_line' id='line_1_22' title="bbox 337 3205 1460 3306; baseline -0.002 -24"><span class='ocrx_word' id='word_1_156' title='bbox 337 3216 364 3252; x_wconf 91' lang='lat'><strong>“</strong></span> <span class='ocrx_word' id='word_1_157' title='bbox 380 3207 625 3282; x_wconf 86' lang='lat' dir='ltr'><strong>Germanicum</strong></span> <span class='ocrx_word' id='word_1_158' title='bbox 640 3205 719 3280; x_wconf 88' lang='lat' dir='ltr'><strong>odio</strong></span> <span class='ocrx_word' id='word_1_159' title='bbox 735 3205 876 3280; x_wconf 87' lang='lat' dir='ltr'><strong>fortasse</strong></span> <span class='ocrx_word' id='word_1_160' title='bbox 894 3208 1048 3306; x_wconf 84' lang='lat' dir='ltr'><strong>dignam,</strong></span> <span class='ocrx_word' id='word_1_161' title='bbox 1060 3231 1132 3280; x_wconf 93' lang='lat' dir='ltr'><strong>non</strong></span> <span class='ocrx_word' id='word_1_162' title='bbox 1147 3207 1273 3304; x_wconf 74' lang='lat' dir='ltr'><strong>poeui:</strong></span> <span class='ocrx_word' id='word_1_163' title='bbox 1298 3208 1460 3280; x_wconf 78' lang='lat' dir='ltr'><strong>stadem-</strong></span> 
     </span>
     <span class='ocr_line' id='line_1_23' title="bbox 296 3319 1461 3420; baseline -0.002 -24"><span class='ocrx_word' id='word_1_164' title='bbox 296 3333 300 3340; x_wconf 91' lang='lat'>&#39;</span> <span class='ocrx_word' id='word_1_165' title='bbox 336 3322 465 3396; x_wconf 89' lang='lat' dir='ltr'><strong>“tione</strong></span> <span class='ocrx_word' id='word_1_166' title='bbox 480 3321 675 3418; x_wconf 71' lang='lat' dir='ltr'><strong>provincie,</strong></span> <span class='ocrx_word' id='word_1_167' title='bbox 691 3319 896 3397; x_wconf 83' lang='lat' dir='ltr'><strong>satisfactum</strong></span> <span class='ocrx_word' id='word_1_168' title='bbox 916 3321 1069 3394; x_wconf 89' lang='lat' dir='ltr'><strong>inimicis.</strong></span> <span class='ocrx_word' id='word_1_169' title='bbox 1119 3322 1228 3416; x_wconf 76' lang='lat' dir='ltr'><strong>Quod</strong></span> <span class='ocrx_word' id='word_1_170' title='bbox 1253 3321 1281 3393; x_wconf 93' lang='lat' dir='ltr'><strong>si</strong></span> <span class='ocrx_word' id='word_1_171' title='bbox 1306 3323 1461 3420; x_wconf 80' lang='lat' dir='ltr'><strong>regrede-</strong></span> 
     </span>
     <span class='ocr_line' id='line_1_24' title="bbox 318 3435 1460 3531; baseline -0.001 -22"><span class='ocrx_word' id='word_1_172' title='bbox 318 3445 361 3481; x_wconf 87' lang='lat'><strong>·“</strong></span> <span class='ocrx_word' id='word_1_173' title='bbox 377 3453 484 3525; x_wconf 90' lang='lat' dir='ltr'><strong>retur,</strong></span> <span class='ocrx_word' id='word_1_174' title='bbox 500 3435 679 3509; x_wconf 90' lang='lat' dir='ltr'><strong>obsistente</strong></span> <span class='ocrx_word' id='word_1_175' title='bbox 707 3436 836 3524; x_wconf 91' lang='lat' dir='ltr'><strong>Sentio,</strong></span> <span class='ocrx_word' id='word_1_176' title='bbox 852 3435 949 3508; x_wconf 89' lang='lat' dir='ltr'><strong>civile</strong></span> <span class='ocrx_word' id='word_1_177' title='bbox 970 3436 1100 3512; x_wconf 90' lang='lat' dir='ltr'><strong>bellum</strong></span> <span class='ocrx_word' id='word_1_178' title='bbox 1124 3435 1248 3531; x_wconf 87' lang='lat' dir='ltr'><strong>incipi:</strong></span> <span class='ocrx_word' id='word_1_179' title='bbox 1274 3459 1339 3508; x_wconf 91' lang='lat' dir='ltr'><strong>nec</strong></span> <span class='ocrx_word' id='word_1_180' title='bbox 1363 3436 1460 3508; x_wconf 85' lang='lat' dir='ltr'><strong>dura·</strong></span> 
     </span>
    </p>

    <p class='ocr_par' dir='ltr' id='par_1_6' title="bbox 336 3550 1461 3876">
     <span class='ocr_line' id='line_1_25' title="bbox 336 3550 1461 3648; baseline -0.003 -25"><span class='ocrx_word' id='word_1_181' title='bbox 336 3560 363 3594; x_wconf 87' lang='lat'><strong>“</strong></span> <span class='ocrx_word' id='word_1_182' title='bbox 378 3570 473 3623; x_wconf 90' lang='lat' dir='ltr'><strong>turos</strong></span> <span class='ocrx_word' id='word_1_183' title='bbox 488 3551 523 3622; x_wconf 92' lang='lat' dir='ltr'><strong>in</strong></span> <span class='ocrx_word' id='word_1_184' title='bbox 542 3551 691 3646; x_wconf 84' lang='lat' dir='ltr'><strong>partibus</strong></span> <span class='ocrx_word' id='word_1_185' title='bbox 716 3550 930 3628; x_wconf 87' lang='lat' dir='ltr'><strong>centuriones</strong></span> <span class='ocrx_word' id='word_1_186' title='bbox 954 3550 1155 3648; x_wconf 86' lang='lat' dir='ltr'><strong>militesque,</strong></span> <span class='ocrx_word' id='word_1_187' title='bbox 1181 3550 1273 3645; x_wconf 89' lang='lat' dir='ltr'><strong>apud</strong></span> <span class='ocrx_word' id='word_1_188' title='bbox 1297 3573 1386 3646; x_wconf 89' lang='lat' dir='ltr'><strong>quos</strong></span> <span class='ocrx_word' id='word_1_189' title='bbox 1408 3573 1461 3620; x_wconf 90' lang='lat' dir='ltr'><strong>re·</strong></span> 
     </span>
     <span class='ocr_line' id='line_1_26' title="bbox 336 3661 1460 3761; baseline 0 -25"><span class='ocrx_word' id='word_1_190' title='bbox 336 3671 363 3708; x_wconf 89' lang='lat'><strong>“</strong></span> <span class='ocrx_word' id='word_1_191' title='bbox 378 3687 458 3738; x_wconf 89' lang='lat' dir='ltr'><strong>cens</strong></span> <span class='ocrx_word' id='word_1_192' title='bbox 484 3663 694 3761; x_wconf 87' lang='lat' dir='ltr'><strong>imperatoris</strong></span> <span class='ocrx_word' id='word_1_193' title='bbox 708 3663 759 3736; x_wconf 92' lang='lat' dir='ltr'><strong>sui</strong></span> <span class='ocrx_word' id='word_1_194' title='bbox 785 3663 962 3752; x_wconf 85' lang='lat' dir='ltr'><strong>memoria,</strong></span> <span class='ocrx_word' id='word_1_195' title='bbox 987 3681 1020 3736; x_wconf 92' lang='lat' dir='ltr'><strong>et</strong></span> <span class='ocrx_word' id='word_1_196' title='bbox 1036 3663 1167 3761; x_wconf 89' lang='lat' dir='ltr'><strong>penitus</strong></span> <span class='ocrx_word' id='word_1_197' title='bbox 1191 3662 1318 3736; x_wconf 85' lang='lat' dir='ltr'><strong>infixus</strong></span> <span class='ocrx_word' id='word_1_198' title='bbox 1333 3661 1369 3736; x_wconf 89' lang='lat' dir='ltr'><strong>in</strong></span> <span class='ocrx_word' id='word_1_199' title='bbox 1383 3663 1460 3738; x_wconf 84' lang='lat' dir='ltr'><strong>Cae·</strong></span> 
     </span>
     <span class='ocr_line' id='line_1_27' title="bbox 336 3778 829 3876; baseline -0.004 -24"><span class='ocrx_word' id='word_1_200' title='bbox 336 3787 362 3823; x_wconf 90' lang='lat'><strong>“</strong></span> <span class='ocrx_word' id='word_1_201' title='bbox 377 3802 467 3852; x_wconf 91' lang='lat' dir='ltr'><strong>sares</strong></span> <span class='ocrx_word' id='word_1_202' title='bbox 483 3802 579 3852; x_wconf 88' lang='lat' dir='ltr'><strong>amor</strong></span> <span class='ocrx_word' id='word_1_203' title='bbox 593 3778 829 3876; x_wconf 71' lang='lat' dir='ltr'><strong>prevaleret.’&#39;</strong></span> 
     </span>
    </p>
   </div>
   <div class='ocr_carea' id='block_1_6' title="bbox 333 4004 1459 4563">
    <p class='ocr_par' dir='ltr' id='par_1_7' title="bbox 333 4004 1459 4563">
     <span class='ocr_line' id='line_1_28' title="bbox 383 4004 1459 4104; baseline -0.006 -20"><span class='ocrx_word' id='word_1_204' title='bbox 383 4015 443 4084; x_wconf 77' lang='lat'><strong>77.</strong></span> <span class='ocrx_word' id='word_1_205' title='bbox 469 4009 640 4082; x_wconf 74' lang='lat' dir='ltr'><strong>Contrua</strong></span> <span class='ocrx_word' id='word_1_206' title='bbox 665 4005 838 4082; x_wconf 89' lang='lat' dir='ltr'><strong>Domitius</strong></span> <span class='ocrx_word' id='word_1_207' title='bbox 870 4008 973 4082; x_wconf 90' lang='lat' dir='ltr'><strong>Celer</strong></span> <span class='ocrx_word' id='word_1_208' title='bbox 999 4033 1045 4082; x_wconf 84' lang='lat' dir='ltr'><strong>ex</strong></span> <span class='ocrx_word' id='word_1_209' title='bbox 1069 4005 1187 4080; x_wconf 79' lang='lat' dir='ltr'><strong>intimi</strong></span> <span class='ocrx_word' id='word_1_210' title='bbox 1212 4009 1286 4104; x_wconf 88' lang='lat' dir='ltr'><strong>ejus</strong></span> <span class='ocrx_word' id='word_1_211' title='bbox 1316 4004 1459 4080; x_wconf 80' lang='lat' dir='ltr'><strong>amicitii</strong></span> 
     </span>
     <span class='ocr_line' id='line_1_29' title="bbox 334 4120 1458 4210; baseline 0 -18"><span class='ocrx_word' id='word_1_212' title='bbox 334 4120 501 4208; x_wconf 76' lang='lat' dir='ltr'><strong>dissentit,</strong></span> <span class='ocrx_word' id='word_1_213' title='bbox 533 4123 754 4194; x_wconf 88' lang='lat' dir='ltr'><strong>“Utendum</strong></span> <span class='ocrx_word' id='word_1_214' title='bbox 791 4139 925 4196; x_wconf 87' lang='lat' dir='ltr'><strong>eventu.</strong></span> <span class='ocrx_word' id='word_1_215' title='bbox 984 4124 1153 4210; x_wconf 89' lang='lat' dir='ltr'><strong>Pisonem,</strong></span> <span class='ocrx_word' id='word_1_216' title='bbox 1184 4143 1255 4192; x_wconf 93' lang='lat' dir='ltr'><strong>non</strong></span> <span class='ocrx_word' id='word_1_217' title='bbox 1292 4121 1458 4207; x_wconf 87' lang='lat' dir='ltr'><strong>Sentium,</strong></span> 
     </span>
     <span class='ocr_line' id='line_1_30' title="bbox 334 4233 1457 4334; baseline -0.004 -26"><span class='ocrx_word' id='word_1_218' title='bbox 334 4243 360 4277; x_wconf 92' lang='lat'><strong>“</strong></span> <span class='ocrx_word' id='word_1_219' title='bbox 376 4235 483 4331; x_wconf 78' lang='lat' dir='ltr'><strong>Syriae</strong></span> <span class='ocrx_word' id='word_1_220' title='bbox 499 4235 737 4330; x_wconf 79' lang='lat' dir='ltr'><strong>praepositum:</strong></span> <span class='ocrx_word' id='word_1_221' title='bbox 763 4235 843 4308; x_wconf 93' lang='lat' dir='ltr'><strong>huic</strong></span> <span class='ocrx_word' id='word_1_222' title='bbox 869 4235 975 4310; x_wconf 86' lang='lat' dir='ltr'><strong>fasces</strong></span> <span class='ocrx_word' id='word_1_223' title='bbox 991 4254 1027 4309; x_wconf 92' lang='lat' dir='ltr'><strong>et</strong></span> <span class='ocrx_word' id='word_1_224' title='bbox 1047 4241 1102 4334; x_wconf 88' lang='lat' dir='ltr'><strong>jus</strong></span> <span class='ocrx_word' id='word_1_225' title='bbox 1126 4233 1293 4332; x_wconf 82' lang='lat' dir='ltr'><strong>praetoris,</strong></span> <span class='ocrx_word' id='word_1_226' title='bbox 1317 4234 1397 4306; x_wconf 90' lang='lat' dir='ltr'><strong>huic</strong></span> <span class='ocrx_word' id='word_1_227' title='bbox 1410 4233 1457 4304; x_wconf 90' lang='lat' dir='ltr'><strong>le·</strong></span> 
     </span>
     <span class='ocr_line' id='line_1_31' title="bbox 334 4330 1457 4452; baseline -0.001 -32"><span class='ocrx_word' id='word_1_228' title='bbox 334 4355 359 4392; x_wconf 68' lang='lat' dir='ltr'><strong>e</strong></span> <span class='ocrx_word' id='word_1_229' title='bbox 376 4350 493 4447; x_wconf 63' lang='lat' dir='ltr'><strong>grone</strong></span> <span class='ocrx_word' id='word_1_230' title='bbox 509 4348 622 4420; x_wconf 75' lang='lat' dir='ltr'><strong>datas:</strong></span> <span class='ocrx_word' id='word_1_231' title='bbox 648 4350 773 4446; x_wconf 83' lang='lat' dir='ltr'><strong>siquid</strong></span> <span class='ocrx_word' id='word_1_232' title='bbox 795 4330 915 4424; x_wconf 59' lang='lat' dir='ltr'><strong>nosne</strong></span> <span class='ocrx_word' id='word_1_233' title='bbox 936 4352 1084 4452; x_wconf 71' lang='lat' dir='ltr'><strong>ingruat,</strong></span> <span class='ocrx_word' id='word_1_234' title='bbox 1098 4351 1204 4447; x_wconf 66' lang='lat' dir='ltr'><strong>quem</strong></span> <span class='ocrx_word' id='word_1_235' title='bbox 1226 4349 1352 4448; x_wconf 71' lang='lat' dir='ltr'><strong>Jussns</strong></span> <span class='ocrx_word' id='word_1_236' title='bbox 1365 4370 1457 4419; x_wconf 70' lang='lat' dir='ltr'><strong>ama</strong></span> 
     </span>
     <span class='ocr_line' id='line_1_32' title="bbox 333 4460 1456 4563; baseline -0.003 -29"><span class='ocrx_word' id='word_1_237' title='bbox 333 4469 358 4505; x_wconf 80' lang='lat'><strong>‘⁶</strong></span> <span class='ocrx_word' id='word_1_238' title='bbox 376 4463 622 4559; x_wconf 90' lang='lat' dir='ltr'><strong>oppositurum,</strong></span> <span class='ocrx_word' id='word_1_239' title='bbox 638 4463 698 4560; x_wconf 93' lang='lat' dir='ltr'><strong>qui</strong></span> <span class='ocrx_word' id='word_1_240' title='bbox 714 4464 814 4563; x_wconf 87' lang='lat' dir='ltr'><strong>legati</strong></span> <span class='ocrx_word' id='word_1_241' title='bbox 830 4465 1087 4554; x_wconf 71' lang='lat' dir='ltr'><strong>auctoritatem,⁸</strong></span> <span class='ocrx_word' id='word_1_242' title='bbox 1104 4482 1137 4537; x_wconf 91' lang='lat' dir='ltr'><strong>et</strong></span> <span class='ocrx_word' id='word_1_243' title='bbox 1153 4461 1288 4562; x_wconf 89' lang='lat' dir='ltr'><strong>propria</strong></span> <span class='ocrx_word' id='word_1_244' title='bbox 1303 4460 1456 4554; x_wconf 82' lang='lat' dir='ltr'><strong>mandata</strong></span> 
     </span>
    </p>
   </div>
   <div class='ocr_carea' id='block_1_7' title="bbox 332 4609 1455 4770">
    <p class='ocr_par' dir='ltr' id='par_1_8' title="bbox 332 4609 1455 4770">
     <span class='ocr_line' id='line_1_33' title="bbox 374 4609 1454 4692; baseline -0.004 -24"><span class='ocrx_word' id='word_1_245' title='bbox 374 4609 383 4637; x_wconf 89' lang='lat'><em>¹</em></span> <span class='ocrx_word' id='word_1_246' title='bbox 398 4611 480 4692; x_wconf 80' lang='lat' dir='ltr'><strong>Coum</strong></span> <span class='ocrx_word' id='word_1_247' title='bbox 494 4611 618 4669; x_wconf 70' lang='lat' dir='ltr'><strong>insatiam.</strong></span> <span class='ocrx_word' id='word_1_248' title='bbox 639 4613 704 4680; x_wconf 86' lang='lat' dir='ltr'><strong>Cos,</strong></span> <span class='ocrx_word' id='word_1_249' title='bbox 718 4613 810 4672; x_wconf 85' lang='lat' dir='ltr'><strong>insula</strong></span> <span class='ocrx_word' id='word_1_250' title='bbox 824 4615 871 4674; x_wconf 79' lang='grc' dir='ltr'><strong>ΙΕ-</strong></span> <span class='ocrx_word' id='word_1_251' title='bbox 962 4611 1344 4692; x_wconf 74' lang='lat' dir='ltr'><strong>²Quilegaticitcton&#39;tutern.</strong></span> <span class='ocrx_word' id='word_1_252' title='bbox 1359 4609 1454 4679; x_wconf 74' lang='lat' dir='ltr'><strong>Quint</strong></span> 
     </span>
     <span class='ocr_line' id='line_1_34' title="bbox 332 4691 1455 4770; baseline -0.001 -23"><span class='ocrx_word' id='word_1_253' title='bbox 332 4692 382 4768; x_wconf 75' lang='lat' dir='ltr'><strong>gai</strong></span> <span class='ocrx_word' id='word_1_254' title='bbox 400 4693 492 4763; x_wconf 81' lang='lat' dir='ltr'><strong>ureris,</strong></span> <span class='ocrx_word' id='word_1_255' title='bbox 506 4710 581 4750; x_wconf 73' lang='lat' dir='ltr'><strong>stunc</strong></span> <span class='ocrx_word' id='word_1_256' title='bbox 595 4691 664 4752; x_wconf 81' lang='lat' dir='ltr'><strong>Stan</strong></span> <span class='ocrx_word' id='word_1_257' title='bbox 679 4691 727 4751; x_wconf 85' lang='lat' dir='ltr'><strong>Co.</strong></span> <span class='ocrx_word' id='word_1_258' title='bbox 919 4695 1023 4770; x_wconf 74' lang='lat' dir='ltr'><strong>justius</strong></span> <span class='ocrx_word' id='word_1_259' title='bbox 1050 4711 1127 4753; x_wconf 78' lang='lat' dir='ltr'><strong>urina</strong></span> <span class='ocrx_word' id='word_1_260' title='bbox 1147 4693 1343 4770; x_wconf 84' lang='lat' dir='ltr'><strong>oppositurum</strong></span> <span class='ocrx_word' id='word_1_261' title='bbox 1363 4691 1455 4758; x_wconf 84' lang='lat' dir='ltr'><strong>illum,</strong></span> 
     </span>
    </p>
   </div>
   <div class='ocr_carea' id='block_1_8' title="bbox 0 0 1604 5509">
    <p class='ocr_par' dir='ltr' id='par_1_9' title="bbox 0 0 1604 5509">
     <span class='ocr_line' id='line_1_35' title="bbox 0 0 1604 5509; baseline 0 1"><span class='ocrx_word' id='word_1_262' title='bbox 0 0 1604 5509; x_wconf 95' lang='lat' dir='ltr'><strong> </strong></span> 
     </span>
    </p>
   </div>
  </div>
 </body>
</html>
