3200 5509
334 546 393 607 sn
415 547 491 607 ua.
511 546 567 605 111.
587 547 686 606 anu.
706 548 741 607 c.
761 546 883 606 cons.
902 520 1048 609 sacrm.
1186 550 1243 608 sss

120 699 307 787 :propnetam
319 698 362 761 ia.
406 696 513 763 Placet
533 696 716 784 plurimum:
738 720 888 785 sepeque,
898 722 964 785 pra
977 710 1006 764 et
1018 721 1074 785 pro
1089 698 1127 776 in,
1141 697 1243 764 MSS.

130 821 285 873 momatur.
339 807 482 871 Veterem
509 821 609 871 tamen
636 807 822 893 scripturam,
846 830 906 873 non
934 809 1058 876 omnino
1093 808 1268 887 vitiosam·

129 917 239 981 rennui
283 914 371 981 Mate
386 916 571 997 Gronovius,
587 918 745 1003 repdstam.

168 1132 254 1197 Car.
268 1135 300 1198 6.
324 1132 423 1220 quue
436 1149 463 1198 et
477 1133 545 1197 sibi.
589 1132 711 1199 Frustra
723 1147 817 1199 tentat
828 1134 982 1215 Emestus,
997 1137 1100 1223 itaque
1112 1136 1182 1201 sibi.

167 1242 214 1307 Bt
225 1243 347 1307 eurulis.
392 1240 527 1308 Pessimi
540 1242 672 1327 Lipsius,
686 1243 852 1331 etsuuetis.

168 1350 203 1415 Si
216 1352 319 1417 modas
331 1352 523 1439 adjiceretur.
566 1348 654 1415 Male
670 1351 826 1434 Ernestus,
847 1354 1047 1419 adhiberetur.
1091 1353 1247 1439 Acljicere-

127 1462 338 1541 tar,idest,si
352 1464 392 1525 ad
404 1475 517 1529 ueteres
531 1460 632 1525 laudes
646 1464 934 1527 modusaecederet.
1177 1524 1181 1533 ,
1260 1475 1265 1491 ”

166 1572 210 1636 Bt
223 1571 401 1658 imperatori
411 1571 536 1657 populo,
550 1594 625 1657 qua.
669 1570 718 1636 Ita
739 1572 816 1637 MS.
842 1572 923 1637 Flor.
947 1571 1081 1639 Picbena
1100 1584 1132 1637 et
1144 1596 1248 1647 reuen-

126 1681 222 1746 tiores.
267 1681 434 1766 Perperam
460 1679 626 1745 Beroaldus
640 1680 750 1767 aliique
762 1694 886 1760 veteres,
908 1692 938 1745 et
962 1684 1138 1767 imperatori
1148 1706 1248 1769 popu·

125 1790 209 1877 laque
221 1790 358 1856 Modiais
370 1791 518 1869 domibtrs,
540 1802 595 1854 aut
618 1789 804 1871 uenatibus,
826 1793 990 1857 canuam
1004 1792 1118 1857 recenti
1135 1790 1248 1875 dolori,

127 1899 257 1986 lipsius,
272 1900 519 1979 dolore,luctum.
734 1973 737 1979 ¹
1033 1888 1038 1902 ’

165 2013 387 2077 Abstruserint.
431 2012 520 2078 Male
534 2012 700 2091 Acidaliae,
714 2014 914 2087 absterseriut.
1257 2046 1261 2055 ⁴

167 2121 327 2187 Ludorum
356 2122 566 2209 Megalesium.
616 2121 665 2186 Ita
693 2122 768 2187 MS.
796 2121 879 2187 Flor.
907 2122 1050 2189 editiones
1075 2137 1189 2188 veteres
1218 2135 1249 2187 et

123 2231 311 2295 recentiores.
355 2232 521 2317 Perperaru
535 2231 609 2311 eliae,
627 2231 860 2320 Megalensium.
902 2230 1155 2299 Iuvetsrenostrn
1170 2232 1248 2297 MS.

125 2339 308 2405 Kalendario
320 2354 463 2407 notantur
487 2363 586 2407 narn.
604 2362 696 2407 uon.
710 2340 820 2405 mensis
830 2340 958 2429 Aprilis,
971 2362 1059 2409 nuru
1078 2360 1250 2407 mausua-

127 2469 224 2514 srscr
237 2466 269 2515 et
281 2472 393 2516 rv.1n.
409 2471 684 2516 uaosnasrser.
711 2449 816 2516 Ludos
831 2448 907 2531 illos,
920 2452 1008 2517 matri
1026 2474 1145 2535 magna
1160 2449 1250 2515 Idaea

124 2582 234 2638 saeros,
250 2561 365 2645 primos
377 2560 511 2625 scenicos
523 2560 615 2624 fuisse
632 2574 663 2624 et
682 2559 852 2647 Megalesia
867 2560 1045 2647 appellatos,
1067 2584 1104 2623 ex
1127 2558 1268 2623 Valerio.

124 2669 248 2733 Antiate
262 2684 363 2735 narrat
377 2669 492 2747 lirim,
508 2672 705 2734 xxxv1.36.
728 2668 794 2733 Eos
808 2692 892 2733 more
906 2670 1106 2756 institutisque
1119 2668 1250 2734 maximi

123 2790 233 2857 castos,
247 2778 397 2844 solemnes
410 2792 442 2843 et
453 2776 608 2863 religiom
626 2778 818 2842 commendat
829 2777 949 2843 Tullius
963 2778 993 2849 in
1012 2780 1068 2846 Or.
1083 2782 1121 2847 de
1132 2781 1251 2848 Herus·

124 2888 226 2971 pieum
254 2888 417 2973 responsis,
445 2910 515 2951 xrr.
560 2886 732 2975 Megalesia
755 2886 928 2954 dicebantur
948 2892 987 2957 ab
1001 2888 1068 2979 ipsi
1083 2888 1165 2972 Dea,
1185 2915 1251 2981 quas

123 2999 236 3084 μεγάλη
251 2998 300 3062 isal
313 3010 344 3062 et
356 2996 446 3085 μήτηρ
458 3000 631 3061 vocabatur.

165 3106 381 3195 Spectaculum
393 3108 524 3171 suberat.
567 3106 721 3171 Incassum
736 3106 880 3190 Ryckius‚
894 3110 1036 3175 subierat.

164 3317 255 3384 Car.
280 3328 313 3390 7.
368 3317 513 3385 Peteuda
535 3319 552 3382 ὲ
577 3318 702 3383 Pisone.
758 3320 890 3407 Coujicit
933 3320 1165 3401 Fleinsh'emius,
1202 3348 1253 3410 spru

117 3428 286 3513 petendae*
302 3426 417 3493 Pisone
423 3429 557 3493 ationis
592 3428 699 3493 latine
713 3441 744 3493 et
755 3429 913 3513 eleganter.
938 3431 983 3494 At
995 3430 1129 3513 genitivis
1143 3434 1252 3515 gaudet

122 3536 259 3615 Tacitus,
275 3540 358 3623 quod
371 3537 490 3621 agnovit
503 3536 570 3623 ipse
584 3536 741 3615 Heinsius,
755 3537 808 3623 qui
823 3552 994 3617 tentaverat,
1008 3539 1130 3610 ultioni.
1173 3542 1252 3612 Vide

122 3644 200 3709 infra
213 3670 283 3731 cap.
298 3656 330 3718 9.

168 3754 274 3843 Vagus
288 3754 421 3824 interim.
465 3754 553 3821 Male
569 3754 726 3835 Heinsius,
740 3780 835 3843 uagus
845 3758 997 3823 itinerum.

165 3970 257 4036 Car.
272 3978 305 4035 8.
349 3969 438 4057 Baga
452 3970 541 4054 filios
548 3972 760 4059 familiarum.
804 3973 893 4039 Mate
909 3974 1087 4054 Beroaldus,
1102 3974 1253 4062 sensilia.

123 4082 215 4146 mum.
261 4078 459 4166 conjunctim
479 4080 568 4145 scribi
582 4098 692 4167 potest,
704 4078 1005 4172 filiasfamiliurum·
1037 4085 1149 4171 Sieque
1173 4084 1252 4154 MS.

124 4190 207 4255 Flor.
217 4189 459 4274 approbantibus
473 4189 610 4255 Picbend
621 4206 653 4257 et
665 4192 819 4258 Mereero.

166 4300 360 4384 Praeeripta
373 4299 403 4362 ei
421 4298 444 4363 ci
459 4300 591 4364 Tiberio.
636 4302 763 4386 Optime
777 4304 944 4368 emendavit
959 4304 1091 4389 Lipsius.
1136 4304 1251 4389 Perpe-

121 4432 188 4473 ram
201 4408 275 4473 libri
286 4431 391 4473 ornnes
403 4423 436 4473 et
449 4408 628 4490 Beroaldus,
636 4414 816 4497 praerupta
830 4424 857 4477 et
871 4410 892 4477 d
909 4414 1039 4479 Tiberio.

130 4666 134 4671 -
165 4620 261 4694 cae.
283 4634 316 4698 9.
360 4623 450 4693 Festa
473 4638 594 4695 amatu
636 4627 685 4694 Ita
704 4628 782 4694 MS.
804 4630 887 4697 Flor.
906 4628 1062 4696 Editiones
1088 4620 1252 4695 veteres-et
