3200 5509
341 215 399 274 AD
419 213 494 273 mla
514 213 569 272 Vl.
588 212 689 272 ANN.
710 213 746 272 C.
766 211 889 272 CORN.
909 214 1056 274 Tuclrt.
1197 225 1255 281 ω

112 371 206 435 odiu„
248 368 302 432 Ab
327 367 458 434 Ernesto
480 351 572 445 (forte
595 377 696 430 tamen
721 387 884 451 operarum
907 388 991 430 error
1014 371 1074 449 est)
1098 367 1256 451 om'nsnm,

104 479 239 567 petivit.
283 474 370 542 Idem
385 475 436 542 Cl.
448 476 636 555 Lallemand,
659 475 779 540 Ernesti
793 475 917 555 assecla,
931 477 1043 542 omisit.

166 587 336 677 Ambigerss
347 588 494 674 patriam.
539 586 628 653 Male
639 598 734 651 tentat
747 587 924 667 Rhenanus,
937 588 1080 654 mutim

164 807 255 873 Cur.
281 809 330 873 16.
356 805 531 872 Vatusnrbi
542 805 685 894 foendre
700 807 826 872 molum.
869 805 1155 887 Foeuesremuum,
1170 819 1255 873 vetus

111 919 218 999 Urbi;
239 918 374 1003 imperiis
400 918 552 997 omnibus,
580 920 636 983 uisi
668 916 894 1003 sapientissimis
924 916 1044 1001 legibus
1068 931 1255 997 coercentur,

113 1053 284 1095 commuue
310 1043 343 1093 ct
370 1028 558 1110 luctuosum,
581 1029 680 1110 uobis,
705 1041 739 1094 ut
761 1029 811 1094 hic
835 1027 939 1093 Taciti
964 1027 1053 1092 locus
1076 1027 1254 1110 illustratur,

111 1141 361 1226 musarum.
425 1193 427 1205 .

174 1631 244 1703 nn
267 1632 479 1703 sunone
502 1635 568 1702 ns
589 1626 748 1703 stoan
772 1635 913 1702 Aron
936 1583 1187 1706 connisos,
1255 1619 1256 1622 ‘

160 1962 210 2028 Ex
224 1965 343 2030 summd
357 1965 563 2030 conditionum
577 1962 777 2051 iuaequalitate
791 1978 930 2030 exortum
942 1978 987 2030 est
997 1965 1080 2050 apud
1093 1964 1251 2032 Romanos

109 2077 252 2140 foenebre
276 2075 401 2155 malum,
423 2090 568 2162 tantoque
588 2075 685 2139 scrius
710 2075 843 2155 invaluit,
868 2078 950 2161 quod
978 2075 1140 2141 auctoritas
1157 2099 1250 2161 penes

109 2184 283 2271 locupletes
302 2201 389 2267 esset,
412 2187 574 2272 omniaque
587 2209 625 2249 ex
640 2208 747 2249 eornm
768 2185 892 2250 libidine
908 2183 1100 2271 agitarentur.
1146 2185 1251 2250 Labo-

109 2297 194 2361 ranti
228 2296 347 2382 populo
375 2299 539 2361 subvenere
568 2295 670 2380 leges3
706 2309 903 2382 sanctumque
939 2294 1100 2361 duodecim
1137 2295 1249 2361 tabulis

110 2407 158 2472 A.
172 2405 214 2469 U.
229 2405 267 2471 C.
297 2416 370 2472 803.
406 2413 430 2446 “
443 2430 482 2471 ne
507 2405 574 2492 quis
602 2404 736 2469 unciario
762 2408 880 2469 foenore
908 2405 1039 2491 amplius
1066 2407 1249 2489 exerceret,”

97 2516 217 2582 Tacit.
232 2516 343 2582 Annal.
359 2540 408 2583 vr.
428 2518 477 2581 16.
498 2529 589 2602 atque
605 2528 637 2580 ut
652 2517 789 2603 pejorem
804 2515 902 2579 civem
917 2518 1107 2581 ostenderent
1120 2520 1249 2586 foeuers·

109 2640 221 2707 torem,
236 2625 328 2713 quim
343 2630 452 2705 furem,
474 2633 495 2665 “
509 2638 677 2711 posuerunt
696 2628 793 2690 furem
812 2625 906 2711 duplo
927 2627 1132 2708 condemnari,
1153 2630 1248 2696 foeue-

106 2749 242 2801 retorem
258 2735 457 2821 quadruplo,''
479 2736 560 2800 Cato
582 2739 619 2800 de
634 2737 683 2800 Re
706 2735 826 2801 Rustic.
840 2760 970 2821 prooem.
1015 2737 1065 2801 Ex
1083 2739 1130 2803 his
1144 2738 1248 2806 Taciti

107 2858 143 2910 et
165 2843 291 2909 Catonis
305 2844 412 2924 verbis,
433 2845 464 2907 in
484 2842 780 2909 Tabuld111.‘hunc
801 2844 901 2928 legem
922 2846 1041 2930 scripsit
1057 2846 1107 2910 Cl.
1124 2829 1256 2914 Gotho-¹

108 2953 619 3040 fredus,Frrgment.xu.Tabul.
642 2955 683 3018 Sr
710 2975 811 3034 ovis
829 2975 1043 3019 vncrnaro
1070 2977 1244 3024 roenoan

109 3055 980 3147 smnivsroensnss1r,9vsnnvrmons
1007 3086 1149 3132 uvsro.

153 3177 230 3242 Hac
249 3177 372 3263 quidem
394 3175 461 3261 lege
485 3177 581 3262 iisque
600 3155 801 3261 temporibus,
821 3170 890 3240 sads
910 3175 1128 3262 locupletibus,
1150 3177 1233 3263 pluri

107 3289 195 3354 mdm
217 3288 402 3374 pauperibus
421 3286 645 3351 consulebatur.
689 3286 734 3350 At
754 3286 824 3349 edm
846 3284 1040 3371 gravissimis,
1062 3312 1098 3352 ac
1113 3289 1246 3355 maxime

106 3400 282 3487 pecuniosis
297 3399 383 3464 malis
398 3398 575 3462 difficillima
587 3399 645 3462 sint
659 3397 801 3477 remedia,
813 3421 885 3462 mox
897 3397 1048 3483 abrogatis
1058 3400 1246 3482 decemviris,

106 3510 263 3575 recruduit
289 3508 489 3594 locupletium
517 3508 658 3573 aviditas:
691 3522 722 3571 et
749 3506 868 3593 populo
897 3506 1072 3592 patientiam
1102 3509 1246 3591 indidere,

105 3619 269 3707 popularia
292 3620 372 3700 vitia,
398 3618 599 3704 imbecillitas,
624 3607 750 3704 egestas,
775 3617 867 3683 futuri
895 3617 1019 3682 incutis.
1062 3619 1158 3700 Turn,
1187 3644 1245 3706 pro

107 3729 285 3814 cupiditate,
312 3753 380 3816 quae
404 3728 507 3794 durius
530 3729 623 3811 saevit,
649 3731 720 3821 edm
745 3727 902 3816 paululum
926 3730 1084 3812 retardata,
1112 3730 1245 3797 atrocids

106 3840 276 3907 exercitum
289 3853 335 3904 est
349 3843 457 3905 foenus.

151 3949 292 4037 Populus
320 3951 392 4016 verb
418 3975 584 4037 numquam
620 3949 755 4031 validior,
791 3963 829 4013 et·
847 3949 1019 4034 violentior,
1046 3948 1147 4038 quim
1175 3951 1248 4014 edm

108 4084 272 4146 oppressus
293 4061 407 4146 magis:
431 4085 469 4126 ne
491 4062 521 4125 in
543 4060 702 4150 seditiones
717 4074 898 4147 erumperet,
921 4059 969 4126 lex
986 4085 1062 4140 ιιι.
1075 4059 1253 4130 tabularum

105 4184 249 4238 renovata
266 4184 312 4237 est
335 4172 377 4237 A.
389 4172 430 4236 U.
443 4171 482 4237 C.
500 4180 574 4246 397.
596 4178 616 4209 “
631 4169 669 4236 C.
685 4163 822 4253 Marcio,
846 4170 906 4237 Cu.
922 4170 1062 4268 Manlio
1084 4165 1271 4260 consulibua

100 4276 144 4345 'de
157 4265 293 4348 unciario
306 4285 422 4349 foenore
436 4281 455 4348 ri
469 4281 520 4349 M.
530 4281 651 4364 Duilio,
664 4281 703 4349 L.
717 4282 851 4367 Moeuio‚
866 4280 1012 4378 tribuni²
1038 4283 1148 4432 9thss
1159 4267 1279 4350 rogabo
