3200 5509
171 538 211 600 J.
224 539 322 604 CM.
450 534 674 594 ANNALlUllI
694 535 815 594 trualt
835 535 1034 608 QUARTUS.
1252 545 1310 606 2⁸7

174 688 368 788 antequim
388 690 555 764 Veserim
578 713 678 764 mons
701 691 881 763 ardescens
906 689 1027 764 faciem
1053 689 1118 764 loci
1142 697 1310 766 uerteret.¹

176 809 332 902 Graecos
350 829 391 878 ea
414 805 572 893 tenuisse,
599 807 816 900 Capreasque
834 803 993 878 Telebois
1011 803 1199 893 habitatas,²
1220 803 1312 878 fama

176 917 293 992 tradit.
342 917 413 990 Sed
426 933 502 990 tum
517 918 675 990 ‘liberius
690 916 873 988 duodecim
887 917 1044 990 villarum
1059 918 1265 1006 nominibus,
1277 936 1313 992 et

179 1032 330 1106 molibus
344 1029 512 1104 insederat
522 1035 552 1118 3³
576 1046 705 1127 quanto
719 1029 868 1102 intentus
883 1029 966 1102 olim
978 1031 1128 1128 publicas
1143 1033 1187 1104 ad
1200 1055 1312 1122 curas

181 1163 277 1218 tanto
291 1145 445 1218 occultos
462 1143 498 1218 'm
519 1145 650 1231 lurrus,⁴
674 1160 709 1216 et
729 1143 859 1218 malum
879 1142 986 1216 otium
1008 1146 1187 1220 resolutus.
1237 1147 1313 1232 Ma·

183 1261 286 1332 nebat
315 1257 441 1355 quippe
461 1256 702 1353 suspicionum
735 1272 770 1328 et
801 1256 962 1330 credendi
993 1257 1175 1346 temeritas,
1208 1283 1312 1354 quam

181 1374 326 1472 Sejanus
341 1395 467 1469 augere
487 1370 588 1442 etiam
603 1369 639 1445 in
655 1371 755 1443 Urbe
769 1385 900 1458 metus,
924 1368 1038 1442 acrius
1054 1371 1222 1459 turbabat,
1240 1395 1313 1446 nou

177 1486 251 1582 jam
283 1483 423 1556 occultis
447 1482 634 1557 adversum
659 1481 886 1580 Agrippinam
911 1500 946 1556 et
971 1485 1149 1556 Neronem
1175 1484 1310 1561 insitiiu.

182 1597 294 1692 Queis
325 1597 459 1670 additu
485 1595 610 1684 miles,5
640 1594 790 1682 nuntios,
822 1594 989 1684 introitus,
1014 1614 1140 1692 aperta,
1172 1615 1312 1686 secreta,

180 1710 332 1782 velutin
351 1710 488 1784 anmles
510 1708 698 1784 referebat:
724 1709 883 1806 ultroque
907 1712 1134 1797 struebantur,
1159 1710 1218 1806 qui
1239 1735 1312 1782 mo·

180 1841 304 1926 ruerent
316 1830 341 1867 “
353 1819 557 1922 perlegere⁶
568 1825 612 1896 ad
624 1823 821 1898 Germauiae
831 1823 1012 1910 exercitus,
1024 1823 1077 1894 vel
1091 1821 1311 1895 celeberrimo

182 1943 212 1980 ‘⁴
233 1933 323 2008 ἱστί’
355 1936 500 2036 effigiem
531 1937 599 2010 divi
630 1937 781 2036 Augusti
811 1937 981 2034 amplecti,
1013 1937 1246 2032 populumque
1271 1957 1310 2006 ac

182 2057 210 2094 ‘⁴
234 2067 389 2122 senatum
413 2050 540 2125 auxilio
566 2052 726 2124 vocare.'’
775 2052 894 2148 anue
920 2067 1031 2146 spreta
1056 2048 1194 2137 abillis,
1218 2048 1310 2120 velut

181 2142 622 2262 pmmfitbjrcremm.

510 2479 557 2549 A.
575 2475 624 2548 U.
643 2476 685 2549 C.
704 2482 787 2553 781.
813 2475 843 2548 J.
862 2474 904 2548 C.
923 2483 981 2548 28.

232 2693 289 2756 68.
313 2685 430 2758 Jumo
444 2685 557 2758 Silano
573 2704 607 2760 et
623 2685 705 2759 Silio
719 2683 838 2760 Nervi
850 2679 1070 2774 consulibus,⁸
1082 2681 1215 2756 foedum
1231 2683 1309 2755 anni

223 2895 363 2954 'Faciem
388 2897 443 2954 loci
469 2905 599 2956 uerteret.
648 2899 718 2958 Hac
772 2899 874 2968 decim,
897 2916 1016 2974 quarum
1036 2899 1072 2954 ob
1088 2897 1309 2956 substructiones

181 2976 277 3034 clades
288 2977 406 3050 contigit
416 2980 453 3034 Α.
465 2977 545 3036 U.C.
560 2983 627 3036 882.
646 2977 718 3037 Μ.
771 2991 806 3036 ac
830 2977 916 3038 moles
941 2979 1064 3036 illustria
1085 2989 1162 3034 erant
1185 2976 1308 3034 nomina.
1339 2971 1345 2980 ’

181 3059 231 3122 79.
273 3056 343 3112 Eam
358 3055 466 3113 Plinius
476 3058 576 3132 junior
586 3057 718 3115 describit
773 3057 934 3115 Duodecim
961 3057 1004 3113 lrae
1023 3055 1133 3112 villaei
1158 3055 1308 3112 duodecim

181 3135 211 3190 in
244 3133 377 3210 epistolis,
415 3153 486 3210 quas
516 3137 553 3192 ad
584 3135 717 3194 Tacitum
772 3137 878 3212 magnis
905 3137 967 3192 Diis
985 3153 1083 3192 nomen
1104 3135 1247 3209 accepisse
1269 3133 1310 3190 si-

181 3213 294 3290 ncrlpsit
326 3214 362 3272 de
388 3213 473 3272 Plinii
504 3214 640 3272 avuncuii
673 3213 717 3270 sui
772 3215 884 3276 dentur.
932 3215 1084 3272 Etenimlc
1117 3211 1252 3270 Suetonio
1278 3215 1307 3268 in

180 3292 271 3350 exitu.
282 3293 356 3351 Plin.
372 3311 414 3350 vr.
429 3293 482 3368 Ep.
497 3289 532 3348 16
544 3299 631 3350 ct20.
645 3293 718 3350 Vide
771 3288 871 3351 Tiber.
885 3311 959 3350 axv.
978 3302 1147 3350 memoratur
1160 3289 1236 3358 oilla,
1250 3309 1308 3366 quc

180 3371 340 3428 testimonia
354 3383 489 3430 ueterum.
772 3381 888 3430 vocetur
899 3371 988 3432 Joois.
1012 3390 1018 3398 ·

221 3445 236 3474 ²
256 3450 379 3508 Telebois
402 3451 550 3509 habitatas.
588 3450 718 3508 Teleboae
811 3449 972 3510 ⁴0ccultos
986 3451 1014 3508 in
1027 3451 1116 3506 luxus.
1157 3447 1230 3504 Vide
1248 3461 1306 3505 not.

180 3528 250 3586 olim
260 3530 460 3599 Acamouiom,
470 3530 628 3588 Echinadas
636 3529 719 3587 alias·
771 3540 799 3586 et
812 3530 920 3588 emend.
934 3531 970 3586 ad
985 3527 1089 3586 rinnai.
1105 3545 1147 3584 ιν.
1160 3523 1209 3592 67.

180 3627 237 3683 que
250 3607 321 3669 lonii
335 3609 420 3666 maris
433 3609 537 3667 insulas
550 3609 717 3668 habitavere.
812 3605 823 3640 ⁵
846 3607 929 3676 Queis
952 3610 1063 3666 additus
1082 3607 1166 3662 rnilcs.
1208 3607 1308 3683 Agrip·

182 3685 252 3744 Inde
283 3687 400 3762 proiecti
432 3689 554 3764 Capreas
587 3697 716 3746 tenuere:
772 3689 887 3763 pinaect
907 3689 1011 3746 Neroni
1032 3686 1067 3744 ad
1082 3685 1239 3744 custodiam
1256 3687 1307 3742 ad.-

180 3785 254 3842 quas
275 3766 343 3823 edm
368 3767 558 3844 occupassent
584 3767 718 3843 Neapoli·
772 3768 849 3824 ditus
875 3766 964 3824 miles.
1002 3771 1116 3844 Apertae
1138 3764 1212 3822 enim
1238 3774 1306 3822 tunc

182 3847 250 3913 toni,
264 3864 319 3915 eas,
332 3845 447 3902 redditis
465 3845 629 3913 Pithecusis‚
643 3864 717 3903 nunc
771 3846 890 3902 insidiae.
963 3849 967 3858 '
985 3845 989 3852 '

181 3921 285 3993 Isclio,
297 3923 422 3980 obtinuit
435 3926 590 4000 Augustos,
607 3937 636 3983 et
652 3925 721 3988 redi·
810 3919 824 3952 ⁶
845 3924 903 3992 Qui
916 3929 1055 3981 monerent
1066 3921 1226 4002 pepigere.
1266 3923 1307 3980 Ut

179 4002 253 4059 liciis
277 4003 396 4072 ornavit,
424 4003 534 4072 Strabo,
555 4023 585 4061 v.
606 4023 635 4080 p.
649 4009 718 4062 248.
770 4005 793 4060 ni
815 4015 953 4080 parerent,
973 4002 1015 4059 vel
1033 4005 1119 4060 etiarn
1139 4002 1257 4078 probare
1269 4003 1308 4059 vi·

180 4082 333 4142 Suetonius
343 4082 373 4139 in
385 4085 461 4157 Aug.
473 4100 552 4140 xc11.
573 4083 718 4140 AEnarinrn
770 4083 911 4152 derentur,
930 4101 976 4140 eos
994 4099 1085 4138 rerum
1107 4097 1243 4138 novarum
1257 4101 1309 4142 cut

179 4161 217 4218 ab
242 4165 374 4238 Augusto
404 4161 500 4218 datam
514 4159 564 4220 ait.
606 4163 660 4219 Sed
675 4161 720 4218 Pi·
771 4161 860 4238 pidos,
874 4161 1081 4236 majestatisque
1094 4159 1297 4221 resciscerent.

179 4239 306 4298 thecusae
332 4242 416 4298 dictae
443 4251 509 4298 sunt
533 4257 646 4316 quoque
671 4241 719 4296 AE·
810 4235 1095 4317 ’Celeberrimoford
1119 4238 1307 4296 celeberrimo

178 4317 268 4375 naria.
295 4319 479 4377 Scribendurn
507 4317 639 4382 Telebois,
664 4337 719 4376 non
770 4337 805 4376 ac
819 4317 1040 4396 frequentissimo
1054 4319 1122 4376 loro.

180 4397 547 4465 Theledoir36raecdenim
560 4393 691 4459 Τιλῦἇοι.
811 4393 1022 4458 'Neredcosa
1063 4401 1120 4472 Ap.
1140 4395 1243 4454 Junius
1264 4397 1307 4456 Si·

220 4471 295 4532 'Et
323 4477 435 4535 molibus
461 4477 610 4535 insederat.
663 4476 718 4533 Sed
771 4475 854 4536 lanus
867 4493 895 4534 et
913 4477 944 4536 P.
960 4476 1048 4534 Silius
1066 4477 1161 4532 Nerva
1178 4477 1306 4536 consules

178 4562 242 4612 turn
268 4554 397 4613 'liberius
419 4557 542 4632 Capreas
571 4555 717 4627 insederat,
771 4555 847 4614 fuere
862 4555 985 4614 A.U.C.
1001 4561 1068 4620 781.
1090 4555 1116 4614 J.
1132 4555 1166 4612 C.
1180 4561 1227 4613 28.

178 4633 299 4692 conditis
315 4634 343 4692 in
362 4635 418 4692 hac
436 4631 527 4692 inauli
548 4635 624 4698 rillis
648 4633 717 4692 duo·
