3200 5509
189 552 267 613 Μ.
282 547 330 613 16.
452 550 679 614 ANNALIUM
700 549 822 612 LlBER
843 550 1067 611 SECUNDUS.
1276 558 1328 611 101

187 708 280 781 rern'
292 703 442 803 adpulit;
462 728 637 801 quernper
651 705 1243 805 ornnesillosdiesnoctesquefipud
1256 730 1329 779 sco-

185 821 288 917 pulos
299 819 571 917 etprominentes
579 844 670 908 oras,
686 820 772 893 cirm
787 828 863 895 “se
874 821 957 895 tanti
970 820 1062 895 exitii
1074 822 1196 894 reum'’
1214 818 1328 895 clami·

185 950 286 1022 taret,
310 934 368 1007 vix
384 932 569 1007 cohibuere
584 932 695 1022 amici,
708 934 893 1031 quominus
905 936 1027 1009 eodem
1040 933 1125 1007 mari
1140 951 1324 1031 oppeteret.

184 1048 342 1124 Tandem
357 1048 530 1123 relabente
544 1064 644 1135 astu,
658 1064 694 1119 et
708 1048 916 1123 secundante
931 1066 1048 1141 vento,
1068 1049 1200 1123 claudae
1224 1073 1326 1122 naves

181 1183 264 1237 roro
277 1160 434 1261 remigio,
457 1178 518 1235 eut
532 1160 668 1237 intentis
681 1163 857 1251 vestibus*
890 1180 923 1235 et
940 1164 1099 1260 quaedam
1123 1162 1325 1239 ivalidiori-

181 1276 248 1350 bus
261 1292 394 1366 unua,
407 1276 602 1353 revenere:
627 1302 715 1375 quas
736 1278 861 1374 raptim
875 1276 1020 1353 refectas
1041 1278 1143 1367 misit,
1168 1296 1206 1353 ut
1231 1303 1325 1357 scru-

180 1406 337 1465 urentur
355 1392 504 1467 inertias:
528 1390 662 1466 collecti
679 1390 720 1465 ei
745 1391 831 1465 curi
850 1392 1028 1490 plerique:
1054 1392 1181 1467 multos
1196 1392 1323 1491 Angri-

180 1504 265 1578 varii
303 1528 416 1602 nuper
441 1505 479 1579 in
513 1504 619 1577 fidem
652 1505 782 1602 accepti
818 1506 990 1581 redemtos
1029 1508 1072 1579 ab
1107 1505 1323 1581 interioribus

179 1618 381 1693 reddidere:
407 1619 548 1716 quidem
558 1618 595 1691 in
612 1619 822 1693 Britanniam
833 1619 933 1717 rapti,
949 1638 983 1693 et
999 1618 1128 1693 remissi
1145 1618 1166 1690 i
1181 1620 1320 1719 regulis.

179 1732 233 1805 Ut
259 1733 337 1829 quis
358 1758 403 1805 ex
428 1732 619 1833 longinquo
643 1750 833 1821 revenerat,
869 1741 894 1777 “
917 1733 1104 1807 miracula’'
1127 1736 1320 1824 narrabant,
1447 1792 1450 1799 .

177 1852 204 1888 “
220 1844 292 1921 vim
308 1846 499 1935 turbinum,
520 1863 556 1917 et
573 1845 738 1919 inauditas
749 1848 921 1935 volucres,
938 1864 1089 1921 monstra
1111 1848 1225 1937 maris,
1249 1872 1319 1921 arrr-

177 1968 204 2002 “
219 1960 340 2059 bigms
362 1960 543 2039 hominum
558 1978 593 2035 et
618 1962 826 2037 belluarum³
853 1960 1029 2035 formas:”
1068 1960 1152 2052 visa,
1181 1962 1251 2037 sive
1273 1986 1319 2037 ex

174 2076 420 2151 metumedia.
1342 2086 1347 2097 '

222 2314 284 2377 25.
309 2307 387 2379 Snn
415 2327 524 2378 rsus
546 2303 661 2377 classis
686 2303 831 2391 amissae,
867 2319 906 2375 ut
934 2305 1197 2379 Germanos'ad
1218 2331 1315 2403 spem

169 2416 268 2506 belli,
291 2417 341 2493 ita
368 2419 542 2494 Caesarem
570 2418 616 2489 ed
640 2417 871 2489 coercendum
893 2417 1012 2489 erexit.
1064 2420 1107 2491 C.
1134 2419 1217 2493 Silio
1234 2447 1315 2493 cum

166 2530 312 2630 triginta
338 2531 506 2629 peditum,
538 2531 646 2605 tribus
670 2530 825 2628 equitum
851 2530 1000 2605 millrbus
1022 2530 1075 2604 ire
1107 2532 1144 2605 in
1173 2536 1315 2610 Cattos⁴

166 2644 337 2742 irnpemt:
361 2646 435 2742 ipse
450 2646 751 2745 majoribus'copiis
767 2648 919 2720 Marsos
942 2644 1128 2743 inrumpit:
1161 2674 1312 2745 quorum

165 2760 243 2834 dux
257 2760 488 2835 Mrloverrdus
512 2782 624 2857 nuper
646 2760 684 2832 in
703 2759 910 2833 deditionem
936 2776 1107 2857 acceptus,
1132 2767 1157 2803 “
1173 2764 1312 2859 propin-

165 2879 195 2917 “
213 2898 285 2969 quo
310 2871 409 2948 luco⁶
431 2873 602 2949 <retorem
626 2875 782 2949 Varianae
811 2873 952 2973 legionis
977 2874 1148 2971 aquilam⁷
1172 2877 1310 2951 modico

165 2986 367 3084 “presidio
387 2989 539 3063 serveri'’
563 2989 699 3063 indicet.
750 2988 856 3071 Missa
872 2989 1048 3084 extemplb
1072 3012 1206 3079 manus,
1228 3018 1308 3088 quae

163 3100 302 3175 boetem
319 3100 467 3177 ifronte
482 3103 631 3192 eliceret,
656 3103 724 3191 alii,
740 3103 801 3201 qui
818 3121 915 3201 terga
929 3102 1180 3197 circumgressi,
1196 3105 1306 3177 reclu-

163 3214 286 3287 derent
302 3216 470 3291 hrmrum:
497 3236 531 3290 et
556 3219 709 3315 utrisque
729 3216 838 3291 adfirit
859 3215 1007 3289 fortuna.
1058 3217 1113 3287 Εὸ
1139 3218 1307 3313 promtior

163 3330 285 3403 Caeser
308 3329 421 3430 pergit
444 3332 625 3421 introrsus,
655 3334 854 3429 populatur,
882 3328 1049 3403 exscindit
1080 3352 1152 3401 norr
1183 3352 1325 3415 ausum,

159 3445 328 3541 congredi
340 3445 496 3519 hostem:
521 3463 581 3519 aut
596 3447 703 3521 sicubi
719 3445 898 3533 restiterat,
922 3442 1033 3515 stetim
1050 3442 1188 3538 pulsum
1199 3472 1210 3532 ;
1239 3468 1303 3516 nec

158 3580 329 3655 tunquam
349 3559 470 3658 magis,
502 3578 541 3633 ut
573 3586 619 3635 ex
651 3559 793 3657 captivis
816 3556 991 3659 cognitum
1019 3572 1083 3645 est,
1111 3574 1301 3652 paventem.

160 3670 304 3768 Quippe
328 3671 513 3747 “invictos
538 3693 573 3747 et
593 3676 697 3748 nullis
712 3677 844 3749 casibus
869 3670 1074 3771 superabiles
1098 3672 1300 3743 Romanos’'

157 3786 403 3885 predicabant,
427 3796 453 3831 “
469 3788 541 3885 qui,
557 3790 689 3888 perditi
705 3792 824 3879 classe,
847 3787 974 3863 amissis
993 3785 1107 3873 armis,
1129 3786 1207 3881 post
1220 3808 1300 3856 corr-

158 3908 306 3977 “strata
332 3926 501 3998 equorum
534 3904 755 4002 virorumque
783 3902 984 3999 corporibus
1015 3899 1139 3985 littore,
1178 3894 1299 3971 eidem

202 4128 392 4189 'Chaucorum
403 4139 516 4189 terrum.
537 4134 585 4191 Ad
596 4134 699 4191 ostium
798 4128 809 4162 ⁵
835 4130 958 4189 Μαι-101.
998 4126 1130 4185 llIurrsttr
1149 4134 1176 4184 ct
1191 4124 1296 4185 Puder·
1335 4131 1342 4157 ¹

160 4210 302 4285 Visurgis,
316 4211 406 4289 ufllc
420 4210 458 4268 W
455 4232 525 4283 eser,
538 4213 660 4288 appulit.
755 4212 834 4269 born.

202 4285 216 4311 ²
238 4288 360 4349 Intentio
384 4290 512 4349 vestibus.
561 4292 586 4347 V
590 4292 698 4349 olorum
796 4284 983 4364 ὁΡνορῖιιᾳιιυ
1005 4286 1075 4343 luco.
1118 4284 1198 4343 Saltu
1219 4284 1294 4343 Torr-

157 4371 235 4427 ricc.
426 4405 429 4411 ·
757 4366 935 4443 toburg'rcrrsi,
961 4367 1006 4423 tle
1021 4364 1119 4443 sbrett
1141 4367 1177 4443 qt
1197 4364 1297 4423 Teutr-

201 4443 379 4526 ³Arrbiguns
399 4450 536 4508 hominum
556 4458 584 4507 et
598 4450 700 4507 bellun·
756 4450 836 4525 burg,
862 4457 894 4503 ut
918 4446 1028 4503 ‹licturrr
1053 4464 1139 4520 supro
1162 4446 1237 4501 Amr.
1270 4462 1292 4501 1.

158 4548 232 4587 rum.
273 4530 319 4586 De
335 4528 497 4586 homiuibus
509 4530 623 4589 marinis
637 4530 699 4589 ride
757 4524 807 4584 60.

157 4606 295 4677 Plinium,
305 4614 390 4665 rx.5.
796 4602 808 4638 ⁷
820 4604 846 4663 V
845 4604 947 4662 ariano
955 4602 1069 4678 legionis
1078 4602 1205 4677 aquilam.
1219 4602 1293 4659 Vide

197 4682 213 4717 ⁴
228 4686 265 4743 Iu
279 4688 385 4747 Cattos.
428 4686 528 4747 Herse.
756 4696 815 4744 not.
829 4694 857 4743 ct
869 4682 977 4741 entend.
990 4684 1025 4739 ud
1041 4684 1115 4739 Arrn.
1133 4700 1170 4739 rr.
1181 4686 1229 4740 25.
