3200 5509
166 503 195 564 J.
214 501 248 562 c.
271 505 315 567 17.
430 499 654 560 lunanum
675 499 795 560 niusa
817 502 1040 562 SECUNDUS.
1250 494 1302 570 12'1

165 653 327 755 paulatim
358 653 519 741 nudatus,
558 651 893 728 in'Marcomannos
931 658 1105 749 concessit,
1147 663 1302 763 misitque

169 772 301 868 legatos
325 767 369 840 ad
402 767 577 838 Tiberium
610 783 763 838 oraturos
796 767 930 842 auxilia.
990 771 1204 870 Responsum
1241 796 1304 870 est,

174 891 291 955 “non
312 884 388 980 jure
411 905 490 952 eum
508 881 671 952 adversus
696 879 890 954 Cheruscos
915 907 1009 957 arma
1029 887 1186 962 Romana
1212 891 1305 964 invo-

177 1004 202 1042 “
220 1019 308 1083 care,
333 993 390 1092 qui
416 1010 605 1090 pugnantes
626 993 661 1064 in
683 994 831 1064 eundem
857 994 989 1068 hostem
1012 997 1186 1078 Romanos
1210 1009 1305 1082 nulli

178 1117 283 1203 “ope
309 1105 487 1204 juvisset.’'
547 1106 673 1183 Missus
704 1125 817 1179 tamen
844 1105 993 1202 Drusus,
1028 1131 1065 1187 ut
1096 1123 1303 1216 retulimus,¹

174 1221 264 1320 pacis
275 1221 438 1294 firmator.
949 1239 954 1248 ·

223 1460 284 1530 47.
309 1451 447 1524 Eouan
474 1467 562 1525 anno
588 1452 768 1526 duodecim
794 1455 944 1529 celebres
970 1461 1063 1536 Asiae
1097 1470 1197 1543 urbes
1222 1499 1301 1547 con-

175 1567 278 1662 lapsae
295 1581 462 1638 nocturno
488 1584 585 1641 motu
611 1581 711 1640 terrae
724 1571 754 1638 :²
779 1594 849 1664 quo
863 1570 1076 1666 improvisior
1099 1585 1301 1685 graviorque

170 1678 272 1776 pestis
286 1677 372 1752 tuit:
399 1703 510 1776 neque
522 1681 658 1752 solitum
674 1681 708 1751 in
725 1681 781 1753 tali
804 1707 882 1754 casu
899 1685 1062 1784 effugium
1085 1699 1300 1774 subveniebat

168 1793 204 1864 in
229 1810 345 1888 aperta
372 1794 629 1889 prorumpendi,
653 1795 732 1893 quia
758 1796 903 1870 diductis
925 1803 1021 1876 tern's
1049 1805 1299 1888 hauriebantur.

169 1913 195 1950 “
212 1907 345 1978 Sedisse
378 1906 560 1980 immensos
601 1926 747 1997 montes,
787 1910 856 1983 visa
888 1913 923 1983 in
951 1919 1059 1990 arduo
1091 1949 1168 2019 quae
1200 1929 1300 2023 plana

168 2026 195 2062 “
209 2017 351 2108 fuerint,
376 2020 538 2092 effulsisse
561 2022 650 2094 inter
674 2024 807 2096 ruinam
832 2026 954 2124 ignes”
984 2057 1182 2110 memorant.
1232 2047 1298 2115 As

165 2135 316 2230 perrima
329 2134 364 2204 in
375 2133 554 2206 Sardianos
564 2136 636 2208 lues
652 2137 839 2232 plurimum
850 2139 886 2209 in
902 2145 1039 2215 eosdem
1061 2149 1297 2229 misericordiae

164 2245 291 2318 traxit:
317 2271 397 2318 nam
417 2247 540 2320 centies
556 2251 765 2322 sestertiilm³
789 2253 958 2348 pollicitus
982 2261 1111 2351 Caesar,
1134 2282 1169 2336 et
1193 2295 1297 2364 quam

163 2377 244 2432 tum
260 2360 474 2449 aerario,'aut
494 2363 577 2433 fisco
594 2363 797 2458 pendebant,
819 2365 854 2435 in
875 2368 1143 2468 quinquennium
1158 2383 1294 2456 remisit

162 2477 346 2571 Magnetes
379 2473 400 2545 i
434 2475 563 2572 Sipylo,
603 2477 751 2571 proximi
787 2479 912 2552 damno
937 2507 976 2556 ac
1001 2491 1151 2562 remedio
1180 2495 1293 2570 habiti.

161 2587 341 2675 Temnios,
363 2587 666 2686 Philadelphenos,
685 2594 867 2690 AEgaeatas,
890 2597 1195 2695 Apollonidienses,
1222 2612 1295 2709 qui.

161 2727 232 2796 que
257 2701 418 2802 Mosteni,
459 2720 560 2800 atque
595 2707 803 2780 Macedones
843 2711 993 2806 Hyrcani
1033 2737 1209 2812 vocantur,
1259 2744 1293 2800 et

161 2813 464 2905 Hierocaesaream,
480 2819 666 2914 Myrinam,
690 2823 837 2918 Cymen,
849 2827 1015 2899 Tmolum
1031 2831 1133 2904 levari
1148 2835 1240 2909 idern
1254 2839 1292 2913 in

161 2944 297 3023 tempus
318 2930 462 3019 tnbutis,
485 2931 639 3030 mittique
663 2961 708 3006 ex
729 2955 847 3008 senatu
868 2938 1006 3032 placuit,
1030 2945 1089 3040 qui
1114 2954 1291 3043 praesentia

160 3059 338 3138 spectaret,
353 3041 599 3142 refoveretque.
634 3047 798 3121 Delectus
810 3067 860 3122 est
871 3053 923 3123 M.
942 3056 1064 3130 Aletus
1080 3059 1291 3157 iepraetoriis,

159 3179 205 3226 ne
224 3157 390 3230 consulari
406 3157 577 3232 obtinente
590 3159 721 3250 Asiam,
734 3163 905 3238 aemulatio
921 3164 1009 3240 inter
1017 3195 1127 3265 pares,
1139 3193 1174 3247 et
1188 3203 1234 3250 ex
1246 3205 1288 3251 eo

159 3266 439 3364 impedimentum
451 3273 605 3346 oriretur.

206 3475 267 3538 48.
292 3468 556 3542 Mnoumrcnm
586 3468 812 3567 inpublicum
834 3476 1044 3575 largitionem
1059 3484 1154 3558 auxit
1171 3488 1288 3563 Caesar
1357 3503 1363 3510 ’

157 3578 251 3651 haud
273 3579 388 3653 minus
413 3581 508 3681 gratia
531 3583 738 3676 liberalitate,
762 3590 858 3684 qubd
881 3594 970 3664 bona
991 3595 1139 3672 AEmiliae
1155 3603 1289 3678 Musae⁴

157 3807 252 3864 nimos
274 3820 410 3867 memorat
434 3813 528 3872 Caesar
550 3815 584 3874 de
611 3817 692 3875 Bello
752 3835 803 3875 x11
822 3819 932 3879 urbibus
951 3821 1028 3880 Asia
1048 3823 1105 3882 und
1124 3834 1203 3884 nocte
1222 3848 1287 3904 pro-

158 3885 283 3954 Gallico,
311 3905 332 3946 1.
359 3895 407 3948 51.
445 3893 550 3969 quique
590 3915 690 3954 nomen
750 3901 859 3957 stratis.
899 3901 973 3958 Vide
991 3912 1048 3959 not.
1069 3917 1098 3960 et
1119 3908 1227 3985 ermnd.
1247 3910 1284 3966 ad

158 3965 299 4024 ducebant
317 3967 497 4030 astuciam
514 3973 602 4050 sylvi,
624 3976 692 4035 Scl—
751 3981 826 4034 Ann.
841 3997 878 4035 ιι.
888 3985 937 4044 47.
979 3979 1021 4036 lbi
1044 3982 1079 4039 de
1097 3983 1213 4060 singulis
1240 4008 1285 4046 ur·

156 4048 336 4106 mariz-wald.
377 4049 450 4106 Vide
474 4052 635 4113 Eccardum
656 4059 690 4115 de
751 4057 833 4114 bibus
845 4060 943 4116 evomis
954 4060 1064 4118 dicetur
1074 4063 1172 4121 fusius.

158 4125 225 4201 orig.
240 4127 337 4184 Germ.
354 4145 381 4203 p.
398 4135 456 4186 204
470 4145 498 4188 et
510 4137 578 4189 241.
790 4131 801 4166 ³
827 4135 936 4196 Centies
960 4139 1125 4199 sestertium.
1171 4145 1284 4204 Centies
1358 4169 1362 4175 ·

749 4227 867 4273 centena
881 4218 982 4290 ⁴millio
1002 4222 1169 4292 sestertium,
1194 4226 1283 4302 Angl.

196 4279 206 4306 ¹
224 4283 428 4344 Utretnlimus.
456 4289 549 4365 Supra
563 4309 627 4368 cap.
642 4300 689 4351 44.
750 4297 878 4358 musal.
893 4293 934 4354 ds.
949 4300 995 4355 sd.

195 4355 370 4424 ²Nocturno
384 4375 458 4424 motu
478 4376 569 4429 terro.
612 4371 690 4430 Idem
786 4371 930 4434 ‘Emilioe
942 4377 1043 4436 Muroe.
1084 4381 1180 4450 Quam
1200 4385 1284 4442 liber·

156 4449 272 4500 testatur
285 4444 403 4515 Plinius,
426 4463 462 4503 11.
477 4453 524 4506 84.
551 4449 691 4510 Marinus
748 4463 805 4510 tam
818 4456 903 4513 fuisse
914 4457 1014 4514 merito
1027 4463 1146 4536 conjicit
1160 4464 1281 4540 Lipsius.

156 4526 236 4580 terre
255 4525 385 4584 rumorid
417 4529 573 4587 mortalium
597 4531 692 4589 extitit
748 4533 882 4593 lutestatd
894 4535 1017 4608 mortui,
1037 4540 1144 4598 incerto
1153 4555 1290 4618 patrona·

154 4607 250 4674 motet,
274 4601 378 4664 Tiberii
400 4605 516 4669 Cetaria
529 4609 690 4689 principatu
747 4615 821 4672 bona
840 4617 901 4692 ejus
914 4617 1002 4693 juxta
1014 4617 1086 4695 leges
1100 4621 1240 4680 Romanas
1253 4624 1282 4680 iu
