3200 5509
187 627 325 686 rem
474 621 696 682 inunctum
718 617 837 680 unns
855 614 1040 680 renerus
1263 597 1321 700 ‘mo

187 753 334 872 biguuni
359 770 558 859 habebatur,
583 749 749 866 quantum
772 769 905 846 Caesari
926 773 961 846 in
984 799 1059 847 eam
1080 773 1204 851 liceret.
1255 758 1322 854 At.

189 909 258 986 que
274 890 358 986 ipsa,
382 887 490 960 donec
508 883 629 956 mediae
643 883 756 955 Pisoni
779 911 868 981 spes,
894 895 920 930 “
936 889 1062 960 sociam
1078 915 1114 962 se
1129 895 1321 990 cujuscum-

192 1011 219 1046 “
236 1027 304 1100 que
316 999 476 1088 fortunae,
500 1013 536 1071 et
560 999 588 1070 si
612 999 657 1069 ita
678 995 796 1087 ferret,
821 1000 981 1075 comitem
1001 1005 1119 1076 exitii”
1148 1009 1348 1101 promitte-1

193 1120 261 1190 bat.
304 1117 355 1189 Ut
370 1113 506 1188 secretis
522 1116 690 1210 Augustae
704 1108 861 1208 precibus
875 1117 1008 1188 veniam
1025 1119 1190 1210 obtinuit,
1209 1125 1322 1218 paula·

192 1231 254 1302 tim
270 1225 473 1327 segregari}
489 1226 623 1312 marito,
647 1225 796 1324 dividere
818 1218 1048 1302 defensibnem
1073 1235 1198 1330 coepit:
1227 1240 1321 1333 quod

192 1353 271 1416 teus
283 1338 465 1440 postquim
480 1340 543 1412 sibi
558 1339 728 1412 exitiabile
741 1341 908 1440 intelligit,
924 1368 967 1414 an
982 1345 1094 1418 adhuc
1111 1349 1324 1444 experiremr

193 1457 364 1546 dubitans,
388 1454 599 1527 hortantibus
614 1453 691 1524 liliis
708 1454 807 1526 durat
825 1473 988 1546 mentem,
1009 1477 1231 1558 senatumque
1247 1488 1322 1536 rur·

193 1590 273 1645 sum
304 1569 512 1667 ingreditur:
537 1567 867 1666 redintegratamque
894 1571 1152 1662 accusationem,
1176 1573 1323 1652 infensas

194 1693 331 1784 patrum
362 1706 476 1770 voces,
501 1683 641 1754 adversa
669 1699 704 1753 et
734 1707 824 1754 saeva
849 1701 970 1756 cuncta
1001 1707 1191 1784 perpessus,
1225 1691 1322 1764 nullo

194 1797 304 1894 magis
334 1796 513 1870 exterritus
541 1813 604 1884 est,
628 1795 735 1890 quint
759 1797 856 1892 qubd
888 1798 1065 1872 'liberium
1090 1802 1161 1875 sine
1189 1804 1324 1877 misera·

193 1915 298 2000 tione,
323 1911 393 1984 sine
408 1909 473 1998 irai,
502 1910 721 1996 obstinatum,
747 1910 968 2008 clausumque
983 1912 1078 2003 vidit,
1103 1939 1238 2012 nequo
1264 1919 1323 1990 ad·

194 2024 286 2100 lectu
312 2041 599 2122 perrumperetur.
651 2025 793 2096 Relatus
818 2025 974 2115 domum,
1003 2046 1175 2124 tamquam
1207 2028 1323 2103 defen-

193 2142 325 2214 sionem
339 2140 376 2212 in
391 2155 566 2235 posterum
581 2139 812 2227 meditaretur,
824 2165 932 2235 pauca
947 2142 1139 2231 conscribit,
1154 2145 1324 2242 obsignat·

195 2281 278 2358 que,
303 2271 337 2324 et
362 2253 483 2324 liberto
507 2251 618 2324 tradit.
656 2255 767 2352 Tum·
791 2255 887 2324 solita
912 2253 1063 2327 curando
1079 2257 1213 2352 corpori
1229 2282 1324 2331 exse·

196 2369 335 2465 quitur:
360 2365 438 2438 dein
454 2367 595 2436 multam
612 2383 688 2462 post
703 2381 853 2455 noctem,
870 2367 1005 2463 egressi
1017 2369 1175 2442 cubiculo
1199 2396 1322 2462 uxore,

197 2490 225 2526 ‘⁴
239 2480 364 2577 operiri
388 2478 504 2552 fores”
527 2481 646 2576 jussit:
683 2497 717 2552 et
749 2481 863 2575 coepti
888 2481 977 2569 luce,
1004 2480 1158 2578 perfosso
1186 2485 1326 2584 jugulo,

192 2599 326 2694 jacente
342 2593 438 2668 hunni
449 2594 576 2692 gladio,
592 2611 745 2689 repertus
761 2612 821 2667 est.

250 2831 305 2896 16.
331 2802 512 2894 Annine
522 2845 578 2893 me
603 2823 741 2894 memini
769 2849 814 2895 ex
839 2821 1095 2914 senioribus,
1063 2850 1173 2898 visum
1197 2828 1327 2924 saepitls

195 2940 284 3010 inter
299 2959 419 3010 manus
445 2935 575 3008 Pisonis
602 2937 768 3026 libellum,
791 2962 894 3034 quem
918 2939 988 3033 ipse
1016 2963 1086 3011 non
1110 2941 1322 3038 vulgaverit3

197 3053 257 3125 sed
274 3052 398 3124 amicos
415 3054 486 3150 ejus
502 3033 713 3141 dictitavisse,
738 3051 888 3125 “literas
902 3053 1042 3142 Tiberii,
1065 3072 1098 3126 et
1122 3054 1299 3125 mandata
1289 3079 1325 3126 tn

200 3175 226 3212 ‘⁴
244 3165 488 3240 Gennanicum
520 3165 714 3237 continere.
752 3190 791 3238 ac
821 3166 1023 3238 destinatum
1050 3191 1208 3262 promere
1233 3167 1325 3263 apud

200 3289 227 3323 “
242 3297 364 3376 patres,
389 3276 648 3374 Principemque
673 3303 830 3376 arguere,
863 3280 899 3350 ni
930 3280 1044 3352 elusus
1073 3277 1238 3377 {sejano
1263 3304 1326 3376 per

201 3399 228 3438 “
244 3417 328 3464 vana
344 3391 508 3490 promissa
526 3389 637 3462 foret:
662 3413 724 3463 nec
741 3393 839 3463 illum
855 3407 974 3487 sponte
990 3391 1190 3480 extinctum,
1202 3394 1328 3475 veriun

200 3516 226 3569 ‘1‘
243 3506 392 3578 immisso
413 3529 611 3600 percussore
622 3504 659 3576 :”
685 3529 834 3602 quorum
855 3521 1016 3577 neutrum
1035 3506 1324 3578 adseveraverim:

199 3645 312 3717 neque
326 3637 439 3690 tamen
459 3619 615 3691 occulere
631 3619 733 3691 debui
754 3632 927 3692 narratum
952 3621 995 3691 ab
1019 3617 1071 3707 iis,
1097 3617 1155 3716 qui
1177 3637 1327 3703 nostram

198 3737 244 3808 ad
259 3721 262 3730 ’
268 3738 442 3832 juventam
461 3731 677 3806 dmavenmt.
729 3737 858 3822 Caesar,
879 3733 970 3806 flexo
989 3734 1026 3806 in
1041 3734 1234 3806 moestitiam
1255 3759 1328 3822 ore,

202 3858 228 3900 “
243 3871 340 3942 suam
367 3847 526 3918 invidiam
554 3847 612 3917 tali
639 3851 766 3919 morte¹
807 3847 1007 3943 quaesimm''
1039 3849 1129 3942 apud
1161 3862 1327 3936 senatum,

195 3957 395 4098 crebrisque
422 3958 738 4058 interrogationibus
753 3962 900 4059 exquirit
933 3969 958 4003 “
975 3957 1209 4059 quatem'Piso
1235 3963 1327 4035 diem

245 4173 365 4232 'Saum
397 4171 527 4231 inuidiam
559 4173 612 4229 tali
636 4183 732 4231 morte.
793 4175 885 4250 gisstt.
925 4177 1028 4252 Atque
1054 4175 1164 4244 liberto,
1191 4176 1240 4252 qui
1266 4177 1327 4253 ojus

201 4256 306 4322 Caesnr,
339 4254 411 4310 flexo
442 4253 471 4308 in
497 4251 655 4308 moestitiam
679 4271 735 4320 ore,
794 4253 940 4311 codicillos
964 4256 1109 4325 attulerat,
1134 4257 1265 4332 pleraque
1284 4275 1329 4313 se·

203 4335 332 4408 queritur
353 4332 480 4392 Pisonem
507 4330 675 4406 Principis'
668 4333 737 4387 rmi-
793 4333 908 4409 pientes,
930 4335 1058 4410 quaednm
1075 4336 1261 4394 inconsultius
1287 4355 1328 4392 ro-

204 4415 281 4470 diam
307 4413 382 4488 opud
413 4425 538 4467 senatum
568 4411 617 4472 tuli
649 4423 737 4467 morte
793 4413 954 4488 spondente,
966 4431 1001 4469 ne
1012 4413 1096 4490 plura
1107 4415 1265 4472 inconsulto
1278 4435 1328 4471 cs

203 4493 370 4568 quaesivisse,
390 4491 469 4582 quasi
488 4491 548 4565 ipse
570 4491 667 4546 mortis
690 4509 739 4546 cx·
793 4503 940 4568 promeret,
964 4495 1057 4550 statim
1070 4494 1217 4551 codicillos
1230 4495 1329 4552 recitat

203 4583 330 4629 actorem
344 4569 477 4635 misissetr
498 4570 629 4626 crebris'
621 4585 740 4626 mtcrro-
794 4571 934 4629 Tiberius.
986 4575 1055 4630 ilaec
1078 4573 1205 4630 nonnulli
1232 4593 1328 4650 perpe-

200 4651 363 4728 gstiouibus
386 4649 511 4724 exquirit
538 4649 650 4724 qualum
674 4649 738 4705 Piso
795 4667 855 4708 ram
878 4652 1112 4727 interprc;tttntut
1134 4651 1198 4709 vido
1217 4663 1274 4710 not.
1300 4660 1329 4709 et

172 4797 175 4802 1
202 4732 279 4788 diem
297 4745 468 4804 supremum,
490 4742 668 4805 noctemque
675 4747 774 4798 oso
796 4731 906 4788 ernend.
918 4733 954 4788 nd
971 4735 1043 4790 Anu.
1058 4749 1109 4791 rtr.
1125 4727 1171 4788 16.
