3200 5509
329 511 384 570 128
686 505 720 562 C.
743 501 941 562 CORNELII
960 500 1094 562 TAClTl
1238 503 1277 558 Α.
1291 501 1373 560 U..C.
1386 505 1458 569 771.

322 661 413 738 saevi
433 661 595 756 increpat,
621 653 758 754 oblique
786 653 1033 728 Germanicum
1047 649 1289 752 perstringens,
1314 652 1454 750 “qubd

321 758 348 820 'a
365 793 483 851 contra
498 775 601 863 decus
622 770 768 844 Romani
785 769 931 843 nominis
949 792 1020 840 non
1035 767 1261 843 Athenienses
1275 783 1330 840 tot
1354 766 1456 841 eladi-
1560 816 1561 843 t

322 873 348 934 'a
365 893 430 962 bus
456 887 634 973 extinctos,
663 884 723 956 sed
763 882 946 959 colluviem
978 882 1072 953 illam
1095 881 1273 954 nationum
1296 881 1455 953 comitate

322 987 347 1048 'a
364 999 465 1074 nimii
482 999 659 1072 coluisset:
685 997 748 1068 hos
764 995 856 1069 enim
877 1020 949 1070 esse
971 995 1176 1068 Mithridatis
1189 996 1358 1070 adversus
1379 996 1454 1068 Sul·

322 1125 347 1162 “
364 1117 444 1203 lam,
470 1111 612 1186 Antonii
627 1112 791 1185 adversus
804 1111 922 1186 divum
940 1115 1140 1208 Augustum
1160 1110 1275 1185 socios
1288 1111 1328 1182 :”
1353 1109 1454 1182 etiam

319 1249 433 1304 vetera
458 1227 659 1324 objectabat,
693 1232 717 1267 “
735 1249 813 1320 quae
841 1223 877 1296 in
901 1225 1109 1301 Macedones
1133 1222 1357 1320 improspere,
1383 1224 1455 1296 vio-

320 1345 471 1416 “lenter
496 1341 532 1412 in
552 1365 631 1412 suos
650 1335 806 1412 fecissent
819 1341 855 1409 :'’
882 1338 1033 1412 offensus
1056 1338 1134 1412 urbi
1154 1339 1293 1436 proprii
1314 1363 1453 1436 quoque

319 1455 392 1546 itm
421 1455 499 1552 quia
514 1455 746 1550 Theophilum
762 1453 945 1550 quemdam
955 1458 1050 1528 Areo
1059 1454 1202 1552 judicio¹
1225 1451 1301 1526 falsi
1316 1454 1452 1524 damna-

319 1589 406 1658 tum,
436 1569 593 1666 precibus
623 1567 691 1642 suis
722 1593 794 1640 non
825 1569 1060 1642 concederent.
1119 1568 1211 1640 Exin
1242 1565 1452 1666 navigatione

216 1676 218 1687 ¹
320 1683 421 1758 celeri
443 1708 503 1780 per
521 1683 712 1780 Cycladas,²
736 1699 769 1756 et
786 1683 987 1778 compendia
1011 1680 1125 1770 maris,
1146 1681 1341 1778 adseqrritut
1364 1684 1451 1754 Ger-

320 1797 490 1870 manicum
506 1797 597 1892 apud
617 1796 762 1870 insulam
780 1797 959 1884 Rhodum,
985 1798 1077 1869 haud
1097 1797 1249 1870 nescium
1264 1795 1390 1892 quibus
1401 1794 1452 1866 in-

320 1910 555 1984 sectationibus
570 1912 693 2008 petitus
708 1908 820 1984 foret:
846 1913 906 1984 sed
926 1910 1019 1984 tanti
1043 1909 1301 1985 mansuetudine
1319 1911 1451 2008 agebat,

193 2039 196 2044 “
320 2013 358 2098 ut
386 2026 470 2098 cirm
499 2043 572 2098 orta
600 2043 778 2122 tempestas
800 2043 933 2121 raperet
957 2026 993 2098 in
1018 2029 1173 2122 abrupta,
1197 2042 1378 2121 possetque
1401 2024 1451 2096 in-

319 2137 437 2230 teritus
452 2137 574 2210 ininrici
593 2139 635 2210 ad
661 2164 776 2212 casum
799 2135 932 2227 referri,
961 2138 1087 2213 miserit
1114 2139 1282 2228 triremes,
1305 2164 1450 2236 quarum

320 2253 468 2326 subsidio
479 2251 661 2324 discrimini
671 2251 888 2326 eximeretur.
918 2255 1044 2350 Neque
1059 2271 1173 2326 tamen
1182 2253 1450 2352 ming-nussim,

319 2384 353 2440 et
368 2367 426 2438 vix
442 2365 507 2438 diei
524 2391 656 2438 moram
668 2391 859 2462 perpessus,
876 2367 996 2464 linquit
1007 2368 1265 2458 Germanicum,
1275 2370 1449 2464 praevenit·

319 2506 407 2576 que:
435 2497 468 2552 et
484 2479 664 2576 postquam
682 2481 813 2578 Syriam
830 2506 868 2554 ac
884 2482 1034 2580 legiones
1044 2482 1164 2580 attigit,
1176 2481 1365 2582 largitione,
1383 2509 1451 2556 am·

319 2593 407 2681 bitu„
429 2593 566 2665 infimos
593 2591 852 2689 manipularium
873 2596 1038 2692 juvando,
1076 2598 1163 2668 crim
1183 2614 1312 2670 veteres
1338 2616 1450 2670 centu·

320 2707 445 2794 riones,
468 2729 603 2777 severos
626 2705 779 2779 tribunos
805 2707 1013 2798 demoveret,
1039 2711 1180 2806 locaque
1205 2736 1326 2782 eorum
1352 2713 1449 2784 clien-

320 2819 412 2891 tibus
441 2819 521 2907 suis,
545 2819 600 2891 vel
632 2820 814 2894 deterrimo
839 2823 961 2919 cuique
982 2824 1189 2914 attnbueret,
1223 2825 1385 2900 desidiam
1414 2827 1450 2898 in

321 2933 449 3021 castris,
482 2932 649 3006 licentiam
680 2933 715 3006 in
742 2937 895 3026 urbibuS,
920 2963 1046 3037 vagum
1077 2964 1117 3012 ac
1143 2939 1369 3012 lascivientem
1389 2965 1449 3036 per

321 3071 421 3145 agros
437 3045 577 3117 militem
593 3048 729 3137 sineret,
752 3050 796 3122 eb
821 3077 929 3147 usque
953 3053 1177 3149 corruptionis
1191 3073 1373 3151 provectus
1388 3073 1449 3143 est,

322 3177 360 3233 nt
375 3183 531 3232 sermone
547 3160 654 3260 vulgi,
672 3187 805 3258 paretes
831 3167 1002 3260 lemanna
1021 3168 1213 3242 haberetur.
1261 3171 1337 3242 Nec
1352 3171 1447 3242 Plan-

321 3275 396 3348 cina
411 3299 447 3348 se
455 3275 544 3346 intra
554 3276 678 3348 decora
693 3271 842 3351 loeminis
857 3283 1013 3370 tenebat3
1039 3283 1102 3354 sed
1115 3283 1277 3356 exercitio
1284 3284 1446 3380 equitum,

321 3389 518 3462 decursibus
550 3391 757 3464 cohortium³
781 3394 962 3468 interesset
988 3395 1023 3467 in
1049 3397 1287 3494 Agrippinam,
1310 3397 1345 3469 in
1362 3401 1447 3472 Ger-

321 3505 491 3606 manicum
520 3507 739 3580 contumelias
766 3510 899 3605 jacere:
926 3509 1129 3606 quibusdam
1153 3500 1254 3584 etiam
1281 3513 1446 3584 bonorum

322 3617 467 3689 rnilitum
483 3619 526 3689 ad
542 3621 629 3691 mala
645 3623 807 3718 obsequia
819 3625 973 3719 promtis,
987 3626 1096 3722 quod,
1121 3632 1148 3669 “
1163 3627 1255 3698 haud
1270 3626 1374 3699 invito
1388 3627 1445 3698 irn-

323 3737 348 3840 ’ξ
365 3749 538 3828 peratore,
557 3758 596 3806 ea
613 3735 710 3808 fieri'’
733 3737 888 3812 occultus
904 3764 1023 3812 rumor
1037 3740 1224 3814 incedebat.

364 3983 464 4044 'Areo
476 3987 597 4070 judicio.
638 3989 753 4048 J‘udicio
769 3995 856 4054 Areo·
958 3989 1128 4072 ²Cycludas.
1157 3952 1281 4054 ¹Nomen
1305 4015 1388 4056 sunm
1407 4014 1444 4052 re

325 4065 398 4143 pagi,
414 4067 496 4141 cnjus
513 4067 579 4124 fides
602 4089 636 4126 ac
659 4071 799 4146 integritas
815 4087 857 4132 tot
890 4121 894 4126 .
919 4073 1016 4143 tinent,
1028 4075 1073 4130 tlte
1083 4075 1224 4152 Cyclades.

324 4165 358 4204 ac
375 4145 600 4204 tantislaudibns
615 4149 771 4208 nobilitata.
804 4154 856 4210 Fo-
960 4148 1153 4212 ’Decnraibua
1166 4155 1327 4213 cohortium.
1368 4156 1443 4212 Cam·
1564 4206 1565 4233 ,

325 4244 387 4282 rum
409 4225 481 4282 illud
497 4227 613 4292 Arcum,
633 4241 683 4286 not
695 4229 857 4310 Areopngns
920 4233 1002 4310 pestri
1011 4233 1175 4291 decursione
1185 4237 1390 4292 exercebantur
1398 4234 1443 4290 rui·
1564 4244 1565 4279 ἒ

325 4304 563 4373 reollentartis,
584 4305 856 4388 Grncb''Agwr,cui
919 4311 990 4370 lites.
1013 4313 1089 4369 llinc
1100 4313 1348 4389 Vegetius,111.4.
1374 4311 1442 4370 em
1564 4364 1565 4373 ,

276 4417 279 4424 -
324 4395 384 4441 erat
397 4384 557 4460 impositum
579 4406 664 4466 prope.
676 4387 773 4446 'lhcsei
788 4403 860 4468 tem7
916 4391 1107 4468 picnraionem,
1131 4401 1163 4449 ut
1176 4394 1229 4469 ipsi
1241 4395 1390 4470 appellunt,
1408 4392 1446 4448 irs

324 4463 651 4542 plum,appcllabatu1·.
715 4467 855 4528 Judicinm
918 4472 1277 4549 spectioncmqucarnrornm
1290 4471 1443 4550 arridudfl·

325 4543 424 4618 cupitis
436 4542 463 4599 itt
478 4544 625 4622 Areopago
634 4547 754 4624 primum
765 4559 855 4610 actum
918 4551 1002 4611 ciunt.

325 4631 375 4682 ert.
417 4621 618 4683 Plitr.r·11.5lr'.
