3200 5509
146 525 287 586 uena
432 515 655 578 aruinum
677 517 796 580 arnna
813 520 994 582 rannus.
1220 535 1277 598 19³

148 676 304 750 dunum*
339 687 443 768 caput
461 669 584 768 gentis,
608 668 743 742 umetis
771 672 968 748 cohortibus
991 674 1148 748 Sacrovir
1173 702 1276 752 occu·

148 805 297 888 pavent,
334 803 368 860 et
399 783 638 856 nobilioeimam
663 784 855 858 Galliarum
886 789 1055 876 subolem,
1083 789 1277 864 liberalibus

146 903 266 978 studiis
281 899 328 974 ibi
342 913 527 995 operatam,
548 912 586 968 ut
602 921 644 968 eo
660 895 803 994 pignore
824 917 981 993 parentes
998 901 1276 1002 propinquosque

147 1039 270 1090 eorum
289 1014 503 1112 adjungeret:
528 1009 628 1082 simul
654 1035 748 1084 arma
771 1012 906 1086 occulte
925 1011 1087 1088 fabricata
1107 1013 1277 1112 juventuti

148 1128 309 1226 dispertit.
365 1123 598 1222 Quadraginta
629 1123 732 1196 millia
767 1124 878 1216 feroc,
918 1126 1036 1224 quinti
1073 1129 1127 1200 sui
1162 1133 1277 1226 parte⁸

147 1239 335 1341 legionariis
347 1237 464 1326 aruris,
486 1235 589 1310 ceteri
611 1261 692 1308 cum
707 1239 903 1312 venabulis³
928 1257 962 1312 et
977 1240 1107 1328 cultris,
1129 1267 1277 1339 quaeque

145 1355 210 1428 alia
230 1352 428 1426 venantibus
455 1349 523 1423 tela
547 1367 647 1422 sunt:
673 1353 848 1427 adduntur
871 1353 892 1426 ὲ
913 1352 1053 1426 servitiis
1077 1354 1276 1452 gladiaturae

146 1467 313 1555 desfinuti,
336 1464 464 1562 qubus
488 1487 585 1536 more
611 1463 760 1562 gentico,
793 1465 993 1540 continutnn
1020 1465 1102 1540 feni
1126 1468 1276 1564 tegimen

147 1581 418 1679 (Grupeltan'oe
463 1578 604 1670 vocant)
629 1576 813 1652 inferendis
839 1581 961 1654 ictibus
984 1578 1161 1668 inhabiles,
1189 1580 1276 1652 aed·

146 1695 276 1792 piendis
289 1691 567 1790 impenetrabiles.
618 1695 845 1790 Augebantur
864 1695 920 1768 ha
941 1693 1061 1789 copia,
1087 1685 1274 1765 vicinarum

145 1807 317 1882 civitatum
333 1822 371 1880 ut
392 1805 546 1878 nondum
562 1804 677 1900 aperti
693 1806 926 1896 consensione,
940 1807 986 1878 ita
1001 1804 1124 1878 viritim
1133 1805 1276 1901 promtis

145 1920 274 2010 studiis,
297 1937 332 1994 et
356 1917 539 1992 certamine
562 1919 692 1992 ducum
710 1920 973 2008 Romanorum‚⁵
998 1944 1085 2016 quos
1099 1918 1187 1990 inter
1202 1942 1274 1992 am·

144 2034 344 2134 bigebatur3
383 2049 529 2128 utroque
559 2032 688 2104 bellum
721 2033 782 2106 sibi
820 2050 991 2128 poscente.
1042 2035 1133 2105 Mox
1161 2033 1272 2104 Varro

140 2148 311 2224 invalidus
320 2145 468 2234 senectia,
479 2144 605 2244 vigenti
621 2146 703 2220 Silio
720 2146 894 2223 concessit
1020 2157 1023 2160 ’

192 2371 254 2434 44.
279 2362 342 2432 Ar
361 2358 489 2432 Rostra
515 2364 541 2402 “
561 2381 631 2432 non
656 2360 827 2434 Treveros
851 2359 958 2436 modo
983 2377 1017 2433 et
1041 2360 1189 2447 AEduos,
1212 2359 1273 2432 sed

144 2482 334 2571 “quatuor
352 2488 386 2544 et
407 2470 581 2570 sexaginta
602 2473 793 2546 Galliarum
815 2473 963 2547 civitates
987 2472 1187 2560 descivisse;
1214 2471 1273 2544 ad·

145 2593 170 2631 ‘⁶
186 2602 317 2660 sumtos
355 2584 392 2656 in
419 2584 612 2658 societatem
651 2588 857 2675 Gennanos,
897 2587 1017 2660 dubias
1043 2583 1271 2681 ffispartiffl

142 2717 265 2774 cuncta
287 2702 343 2796 (ut
359 2722 434 2770 mos
448 2696 567 2792 farnae)
589 2698 748 2798 inmajus
764 2701 900 2776 credita.
951 2699 1113 2796 Optimus
1128 2697 1272 2794 quisque

144 2813 337 2910 reipublicae
352 2809 436 2886 curi
452 2814 640 2884 moerebat:
667 2813 764 2886 multi
780 2814 860 2886 odio
875 2812 1105 2911 praesentium,
1129 2828 1162 2882 et
1179 2809 1272 2906 cupi·

144 2927 219 3000 dine
240 2925 447 3016 mutationis,
469 2925 538 3002 suis
559 2952 696 3023 quoque
728 2926 887 3023 periculis
914 2927 1137 3013 laetabantur3
1163 2922 1271 2994 incre·

144 3043 333 3138 pabantque
348 3038 537 3127 Tiberium,
563 3045 588 3082 “
605 3039 700 3137 quod
724 3039 866 3112 intanto
886 3054 1128 3139 rerummotu,
1150 3035 1270 3108 libellis

143 3161 418 3228 “accusatorum
435 3151 620 3226 insumeret
634 3177 785 3251 operam.
811 3153 1014 3232 Anlulium
1030 3141 1271 3224 Sacrovirum⁶
1371 3224 1375 3231 ,

184 3324 193 3351 ¹
217 3315 458 3404 Augustodunum.
508 3327 596 3385 Nunc
621 3326 681 3384 Aa·
733 3323 783 3384 sui
795 3325 911 3406 torpidi,
929 3321 1078 3382 inserendis
1100 3319 1205 3378 ictibus
1228 3316 1270 3372 in·

146 3413 202 3472 tun,
223 3405 293 3462 olim
319 3405 437 3462 Athenae
458 3404 589 3464 Gallicae.
632 3407 677 3462 De
734 3395 1269 3478 habiles,aceipien‹lisimpenetrabiles.

145 3483 287 3560 ⁰P¹¹l⁰l¹lffi
302 3483 389 3552 Mela,
409 3501 460 3542 111.
473 3490 502 3541 2.
522 3485 601 3540 urbes
613 3503 677 3560 optt-
735 3481 869 3545 Ridicule
885 3480 1063 3538 Boxbornius
1072 3495 1167 3534 vocem
1183 3475 1271 3563 declu-

145 3561 307 3631 leutissimae,
321 3562 349 3620 iu
361 3563 490 3620 Treveris
498 3559 676 3640 Augustalis
734 3564 774 3620 eit
791 3563 828 3618 ab
843 3559 986 3618 Hebraico
1009 3549 1094 3625 bata,
1114 3553 1214 3619 cobet,
1239 3553 1269 3610 td

145 3637 242 3700 AEtluis
254 3643 303 3698 Au
357 3641 497 3700 tudunum.
732 3639 919 3711 est,restitus.
951 3637 999 3695 Sic
1015 3635 1108 3694 David
1120 3633 1193 3690 stoltl
1205 3635 1270 3707 bys·

182 3711 299 3785 'Quint
330 3720 374 3777 sui
392 3727 483 3796 parte.
525 3717 601 3780 Octo
614 3719 677 3782 mil·
732 3720 793 3777 sinii
826 3719 941 3776 indutus
973 3706 1082 3785 ὅππη,
1116 3711 1269 3778 Mecerbol,

144 3795 182 3854 lia
200 3817 265 3856 cum
283 3800 367 3860 annis
389 3797 555 3874 legionariis,
574 3799 602 3856 id
625 3811 675 3869 est,
732 3799 840 3856 dicitur
863 3805 889 3854 1.
910 3795 1015 3854 Chron.
1032 3813 1086 3850 xv.
1099 3797 1147 3856 27·
1189 3789 1269 3866 Quid

146 3875 257 4013 dyrpciss’
270 3877 369 4014 glrgd'gis
382 3877 552 4014 agiliabl
640 3963 650 4012 t
731 3877 793 4013 lbaelc
824 3877 860 4013 agl
893 3874 1077 3952 gladiatores?
1118 3868 1197 3940 Quid
1230 3868 1268 3926 nd

250 3976 380 4015 mortu.
450 3974 613 4025 enauum,
651 3975 678 4012 e·
758 3971 828 4013 etas

146 4031 204 4122 lum
217 4047 276 4094 erat
290 4035 465 4106 latissimum,
488 4045 516 4092 et
534 4035 604 4092 aciei
618 4034 678 4092 lon·
774 4031 784 4065 ⁵
800 4035 910 4091 Ducum
923 4031 1116 4089 Romanorum.
1156 4023 1268 4116 Visellii

148 4129 413 4270 gisilni'ssipellorios.
455 4193 498 4250 lta
522 4192 677 4270 appellatos
733 4107 1270 4273 Ktiziiiiiii}licceiiiiiinaiurtirmtiibiiiiu

149 4269 271 4329 existimo
296 4271 315 4333 a
338 4291 409 4329 voce
432 4271 544 4330 Celtica
568 4271 678 4347 Crepet,
733 4270 858 4326 nondum
871 4277 1270 4346 apertaesseteonseusm,1p·

150 4351 486 4428 quaesignificattorpero,
503 4351 678 4428 Angl.lobe
727 4367 795 4406 vsum
821 4361 962 4406 certamen
994 4347 1102 4402 ducum
1129 4342 1270 4397 Romano-

148 4431 286 4503 stupified:
323 4431 443 4506 indeque
473 4428 570 4488 rnultae
597 4448 678 4490 voees
734 4423 1269 4503 rum‚quosinterambigebutur,utro·

149 4501 275 4576 Gallieae.
305 4510 428 4586 croupir,
463 4527 591 4584 erouppe.
632 4507 677 4565 llli
733 4506 973 4582 quemllumsibi
995 4512 1135 4582 poscente,
1155 4499 1206 4554 hos
1218 4498 1270 4553 Sa·

149 4585 219 4644 enim
244 4586 419 4662 gladiatores,
448 4587 584 4648 continuo
615 4585 678 4644 ferri
733 4586 941 4662 crovirieopiss
955 4585 1104 4658 augebant.

150 4665 263 4738 tegmine
283 4667 456 4735 testudinati,
475 4668 585 4729 subant
604 4664 677 4724 mole
771 4657 965 4724 ‘Aulium
976 4659 1163 4719 Sacrovirum.
1188 4653 1270 4712 Exis-
1361 4705 1365 4710 .

336 4767 423 4816 vol..
441 4765 466 4820 1.
951 4763 978 4815 Ν
