3200 5509
331 216 389 274 AD
409 214 483 274 ΠΒ.
505 213 559 272 Vl.
579 211 680 272 ANN.
701 212 736 270 C.
758 211 883 272 CORN.
901 214 1050 273 Tnclrr.
1203 221 1262 283 519

153 474 254 542 Cur.
277 484 308 542 2.
332 474 503 562 Tamquam
530 472 664 563 referret.
709 475 841 559 Optimi
866 474 991 560 lipsius
1013 486 1044 539 et
1068 475 1259 540 recentiores.

98 579 151 648 In
171 584 254 650 MS.
269 585 354 650 Flor.
366 597 430 650 tone
445 583 581 672 referret.
626 585 714 650 Mali
731 585 945 650 Bnoaldmt
958 598 1083 667 veteres,
1097 596 1163 650 turn
1177 597 1261 651 retu·

99 692 183 760 lere
206 694 369 782 Scipienoe.
413 696 490 762 Hac
508 707 535 760 et
559 695 686 761 Siliani.
729 695 888 762 Acidaliae
902 695 1026 776 omittit,
1044 695 1260 760 tumretulere.

97 801 236 872 Tentat
244 805 419 886 salinarias,
429 818 495 872 tuns
508 804 624 894 refme
638 806 809 892 Scipiones:
824 805 1105 893 Boxhorniuejorn
1114 805 1259 891 refertur.

160 916 283 982 Grates
291 917 511 982 immolentis.
534 917 714 998 Beroaldus,
727 916 906 982 Gronovius
913 929 945 980 et
954 916 1260 1006 recentiores‚gratis.

103 1024 228 1106 Edidi,
240 1037 355 1114 grata,
379 1050 417 1092 ne
438 1027 536 1093 lector
557 1028 770 1094 offenderetur.
816 1028 870 1092 De
891 1027 984 1092 veteri
1004 1027 1157 1112 scripturi
1177 1049 1260 1112 sape

103 1135 241 1202 dictum
254 1161 355 1222 supra.
398 1136 523 1221 Lipsius
536 1152 568 1202 et
582 1139 633 1204 ulii
648 1137 781 1222 plurimi,
794 1138 926 1226 gratias.

164 1336 257 1402 Cae.
279 1347 310 1404 3.
335 1335 442 1426 Neque
462 1339 546 1406 dicta
570 1341 771 1426 incpercuoris
816 1339 866 1418 Ita
886 1338 957 1402 libri
974 1360 1091 1402 omnes.
1133 1335 1259 1421 lipsius

110 1446 238 1526 mallet,
252 1447 335 1514 dicta
357 1471 419 1512 non
440 1450 648 1535 imperatoris:
672 1451 848 1529 Rhenanus,
866 1449 950 1514 dieta
972 1448 1033 1512 nui
1054 1447 1259 1532 imperatoris.

111 1555 255 1624 Grotius
269 1558 350 1623 delet
364 1581 482 1638 vocem,
496 1559 698 1648 imperatoris.
735 1559 825 1624 Nihil
839 1571 949 1644 peccat
962 1556 1086 1643 vulgata
1098 1556 1263 1642 scripturo.

167 1666 305 1732 Sestium
322 1667 547 1734 Paconianum.
592 1669 763 1734 Beroaldus
777 1682 807 1733 et
821 1683 948 1749 veteres,
972 1667 1103 1733 Sestium
1119 1665 1261 1754 Pagoni-

114 1800 228 1842 areum.
270 1780 316 1844 At
329 1778 405 1844 infra
424 1803 495 1864 cap.
510 1788 562 1854 39.
576 1792 772 1860 memorauit,
790 1778 888 1844 Sentii
902 1778 1083 1844 Paconiani
1096 1778 1203 1842 caitus.
1310 1801 1314 1806 ’

168 1886 321 1975 Concepta
329 1889 451 1976 pridem
468 1889 551 1955 odia.
590 1890 720 1976 Optimi
734 1889 1053 1975 emendavitiipsius.
1090 1888 1259 1974 Perpetem

20 2019 22 2024 ’
117 1997 294 2064 Beroaldus
307 2012 339 2063 et
352 2011 478 2080 veteres,
497 2011 640 2086 concepto
648 2022 707 2088 per
720 2000 800 2065 idern
815 2000 897 2064 odia.

168 2197 260 2266 Cne-
281 2211 313 2266 4.
337 2200 558 2266 Accusatores
573 2223 650 2265 reus.
695 2199 781 2264 Beni
797 2199 930 2285 Lipsius.
974 2200 1063 2266 Moli
1079 2199 1261 2282 Beroaldus,

116 2322 280 2375 accusator
292 2310 404 2374 acrius.
432 2309 470 2374 In
484 2309 550 2374 aliis
564 2307 716 2375 veteribus
726 2309 922 2390 editionibus,
937 2321 1096 2375 aecusator
1110 2311 1234 2375 Arriae.

169 2419 382 2485 Predebatur.
426 2419 540 2484 Mallet
551 2419 706 2500 Muretus,
714 2419 904 2506 prabebant.
948 2419 1037 2484 Nihil
1045 2410 1150 2484 ‘nmen
1162 2433 1262 2485 muto-

120 2530 228 2596 verim.
1214 2565 1217 2569 ·

169 2638 304 2706 Nouium
318 2641 514 2724 conscientia.
559 2637 608 2704 lta
619 2639 705 2705 MS.
721 2638 805 2704 Flor.
820 2641 968 2706 editiones
982 2654 1098 2706 veteres
1112 2655 1144 2706 et
1157 2665 1276 2709 recen.

120 2751 225 2820 tiores.
269 2750 445 2826 Rhenanus,
472 2774 582 2816 noram
613 2751 809 2815 conscientie.
854 2750 970 2815 Mallet
997 2751 1153 2832 Muretus,
1176 2777 1261 2818 nora

83 2860 86 2878 ⁸
122 2861 345 2928 conscientiam.
390 2860 535 2940 Pichena‚
549 2862 670 2924 noxiam
687 2861 910 2924 oorncientiam.
955 2859 1043 2923 Nihil
1057 2865 1238 2926 novandum.

168 2971 259 3036 lnter
269 2993 411 3058 ganearn.
455 2967 504 3034 Its
519 2970 596 3034 MS.
616 2969 700 3033 Flor.
715 2983 746 3033 et
762 2969 943 3034 recentiores
962 2970 1118 3036 editiones.
1163 2971 1263 3056 Beros,

123 3082 211 3148 aldus
226 3081 297 3146 verd
311 3095 343 3146 et
357 3093 482 3162 veteres,
493 3102 637 3168 ganeum.
710 3149 712 3152 ,
1230 3073 1233 3082 ’

168 3303 258 3368 Cur.
281 3311 311 3368 5.
337 3301 436 3370 Quasi
462 3303 580 3368 incesta
601 3301 769 3367 uirilitatis.
815 3302 854 3367 C.
871 3302 975 3368 Caesar
1002 3303 1112 3369 merito
1140 3305 1260 3385 dicitur,
1303 3377 1308 3386 ,

124 3413 286 3480 virilitatis
313 3413 402 3500 quasi
427 3413 563 3478 incesta:
594 3414 709 3499 quippe
734 3413 786 3498 qui
816 3437 949 3478 sororem
973 3438 1061 3479 suam
1085 3414 1262 3480 Drusillam

123 3523 246 3591 sitiisse
256 3523 416 3610 virginem,
426 3534 625 3610 protestatus
640 3523 749 3604 odius,
765 3525 955 3603 credebatur,
975 3525 1102 3589 Saeton.
1123 3525 1155 3588 in
1170 3524 1261 3604 Caio,

128 3656 232 3700 xxiv.
275 3631 389 3698 Mallet
404 3631 540 3718 Lipsius,
551 3635 639 3722 quasi
651 3633 772 3698 incerte
786 3633 962 3711 uirilitatis5
976 3634 1094 3718 frigide,
1108 3647 1138 3698 et
1152 3635 1262 3728 pardnp

126 3744 318 3810 Corneliani.
367 3743 413 3810 Ut
420 3745 514 3832 Jocus
533 3743 565 3808 in
578 3744 676 3810 verbis
690 3746 848 3827 habeatur,
867 3745 1021 3811 existimat
1039 3743 1261 3810 Freinshemius

127 3857 252 3923 Cottam
274 3855 478 3920 Messalinum
497 3855 593 3940 argui,
616 3857 700 3942 qudd
723 3855 836 3921 Cuiam
853 3855 1013 3936 Casarenc,
1035 3855 1125 3943 quasi
1143 3856 1262 3921 incesta

126 3967 285 4033 uirilitatis
308 3967 425 4030 dixerit.
470 3967 522 4032 Sic
538 3967 740 4032 fcrmd·vertit
764 3965 814 4031 Cl.
830 3968 970 4048 Gordon‚
993 3992 1028 4034 as
1052 3967 1122 4035 thor
1144 3966 1181 4030 lie
1201 3965 1265 4028 lad

127 4075 227 4142 called
250 4076 345 4142 Cuius
361 4075 509 4164 Caligula
532 4077 572 4165 oy
593 4077 644 4142 tlte
652 4076 809 4166 senrinine
829 4101 918 4142 nante
940 4078 982 4167 of
999 4080 1086 4158 Cuia
1109 4073 1270 4160 Caligula,

127 4185 191 4250 and
205 4187 342 4252 bounded
353 4187 417 4252 lrirn
431 4186 505 4251 coitis
520 4190 760 4274 constupratione
774 4186 815 4276 os
823 4188 893 4253 torn
907 4189 1015 4274 Isinda⁸
1063 4199 1141 4282 Ego
1154 4185 1175 4250 i
1186 4179 1280 4244 venri

127 4295 277 4382 scripturi
290 4297 354 4364 sinc
368 4298 543 4364 necessitate
558 4297 681 4364 minimi
696 4298 894 4366 discesserim.
