3200 5509
306 193 380 296 ιιι
604 235 727 298 vora
748 237 798 298 su
820 235 1147 302 unnunsnouas

352 383 544 475 Querensque
565 388 602 454 de
620 389 769 476 poten-tid.
815 390 864 456 Ita
888 391 966 457 MS.
991 391 1075 457 Flor.
1102 392 1250 458 editiones
1272 405 1379 459 veteres
1395 409 1423 460 et
1538 438 1539 441 =

305 496 497 562 recentiores.
541 497 631 563 Male
646 497 771 584 Lipsius
786 515 816 565 et
830 499 880 565 alii
893 501 1040 582 nonnulli,
1054 514 1294 590 parcentemque.
1315 503 1426 570 Funus

306 629 430 692 quoque
441 619 598 688 tentatum,
613 610 744 690 dixisset,
759 609 935 691 addidbset,
945 635 1004 698 pro
1018 611 1137 691 base,
1149 613 1314 679 addidv'ese.

349 715 456 805 Neque
473 730 582 784 cuncto
603 719 624 784 d
640 722 838 806 primoribus.
882 719 931 786 Ita
946 722 1023 787 MS.
1038 723 1121 788 Flor.
1134 723 1206 789 Jac.
1219 724 1391 789 Gronovius
1401 741 1432 789 et

306 827 498 892 recentiores.
544 829 710 914 Perperam
726 831 907 912 Beroaldus,
926 855 1020 921 neque
1033 844 1209 898 cunctatus:
1231 833 1358 920 Lipsius
1368 857 1429 899 ωιι-

309 937 414 1002 tutidr.
459 937 601 1004 Ridicule
614 953 708 1007 tentat
726 942 796 1007 Jac.
813 943 998 1023 Gronovius,
1012 941 1082 1009 illos
1101 945 1223 1031 quidem
1244 956 1374 1024 motus,
1389 969 1430 1010 uu

307 1047 434 1113 autem?
458 1049 606 1115 Tuebitur
623 1051 791 1117 Tiberiolus
805 1075 887 1118 murs
898 1075 965 1118 me:
987 1077 1053 1142 quc
1067 1065 1188 1119 cuncta.
1215 1053 1354 1120 Picbena
1366 1055 1430 1120 verb

306 1168 338 1222 et
360 1156 580 1226 Freinshemius
602 1161 736 1244 mallent,
758 1185 853 1250 eoque
873 1175 992 1229 cuncta.
1036 1165 1131 1236 Quod
1144 1176 1248 1228 tumen
1262 1164 1313 1228 vir
1332 1167 1431 1248 proba·

306 1267 418 1336 verim:
442 1293 498 1334 uec
513 1272 592 1334 enim
605 1272 647 1336 ita
661 1272 819 1357 indiligens
832 1273 972 1353 Tacitus,
993 1287 1029 1338 ut
1048 1275 1211 1359 scripserit,
1226 1297 1324 1361 euque
1336 1287 1431 1339 mua

313 1381 485 1468 undeque
499 1381 694 1447 instantibus.
738 1381 771 1446 Si
787 1383 860 1468 quid
872 1384 1059 1463 mutandum,
1074 1383 1206 1462 mallem,
1221 1396 1317 1471 atque
1327 1395 1432 1448 umus.
1538 1432 1539 1505 p

307 1487 488 1554 Graecornm
504 1514 589 1554 more
603 1491 729 1571 dictum,
752 1504 860 1557 cuncta
880 1492 1100 1556 revincebatur.
1145 1491 1305 1558 Primores
1317 1493 1433 1557 civitatis

308 1621 369 1664 nou
384 1600 575 1666 revincebant
589 1615 708 1684 cuncta,
723 1625 790 1687 qua·
802 1601 1034 1688 objiciebantur,
1049 1604 1089 1667 ab
1103 1626 1142 1666 eo
1156 1603 1249 1667 luisse
1264 1601 1391 1690 prolata.

349 1815 438 1881 Cau.
460 1820 492 1884 6.
516 1817 657 1885 Fimure
669 1819 784 1885 solitus.
828 1819 881 1885 Sic
895 1823 972 1885 mfrr
986 1843 1053 1905 cap.
1064 1828 1116 1886 50.
1134 1818 1287 1885 Macroni
1287 1819 1431 1906 firmauit.
1538 1864 1539 1893 2

309 1927 431 1993 Frustra
445 1941 541 1995 tentat
556 1931 710 2011 Muretus,
726 1929 880 2015 effervere
891 1931 1005 1996 solitae

353 2145 442 2212 Car.
465 2155 495 2216 7.
521 2147 557 2212 C.
576 2147 708 2215 Cestium
724 2161 858 2234 putrem.
903 2148 1016 2215 Mallet
1040 2147 1175 2234 Lipsius,
1188 2157 1363 2232 praetorem.
1401 2141 1433 2207 lu
1538 2208 1539 2219 ,

308 2259 458 2323 veteribus
487 2258 678 2339 editionibus,
709 2259 860 2326 Cestium.
917 2258 1002 2323 Infra
1028 2281 1097 2344 cap.
1126 2267 1179 2322 31.
1216 2269 1250 2320 et
1277 2253 1297 2320 d
1332 2253 1432 2332 Plinio,
1538 2310 1539 2331 ,

311 2389 443 2432 xxxrv.
459 2378 488 2434 8.
514 2369 630 2434 Cestius
645 2369 825 2456 appellatur.

355 2475 490 2564 Quaque
507 2479 601 2544 dere.
645 2477 695 2544 lta
716 2481 862 2546 editiones
879 2493 993 2545 veteres
1014 2494 1046 2544 et
1061 2478 1252 2545 recentiores.
1298 2475 1336 2540 ln
1356 2476 1432 2540 inter-

308 2586 427 2666 mediis,
443 2589 570 2674 qudque.
615 2587 719 2662 Quam
734 2589 859 2656 effrena
873 2591 963 2656 fuerit
981 2593 1047 2656 buc
1071 2589 1230 2654 accusandi
1243 2587 1344 2652 rabies
1356 2587 1430 2650 docet

310 2699 428 2764 Seneca
453 2699 492 2761 de
517 2697 689 2778 Beneficiis,
716 2721 773 2763 111.
796 2702 849 2765 26.
872 2708 893 2739 “
908 2699 1059 2765 Coeuabat
1082 2696 1199 2764 Paulus
1227 2695 1431 2783 praetoriusiu

309 2807 448 2873 convivio
472 2809 612 2895 quodam,
637 2809 799 2894 imaginem
823 2809 942 2876 Tiberii
970 2809 1098 2874 Caesaris
1122 2810 1247 2889 babens,
1275 2806 1388 2892 ectypd
1405 2817 1430 2869 et

310 2921 459 2986 eminente
478 2922 610 3006 gemmd.
655 2921 735 2985 Rern
753 2920 969 3005 ineptissimam
993 2922 1104 2997 fecero,
1118 2921 1143 2982 si
1157 2941 1238 2983 nnnc
1252 2921 1346 2982 verba
1362 2939 1431 3003 quu-

310 3031 400 3111 siero,
436 3032 692 3118 quemadmodbm
729 3033 828 3096 dicam
856 3030 944 3096 illum
972 3028 1127 3095 matellam
1155 3027 1309 3094 sumsisse.
1349 3027 1429 3099 Quod

309 3145 436 3222 factum,
461 3141 551 3208 simul
576 3154 607 3207 et
632 3143 738 3221 Maro,
763 3167 801 3206 er
827 3143 907 3206 uotis
929 3139 1009 3205 illius
1032 3139 1176 3224 temporis
1203 3137 1428 3224 vestigatoribus,

309 3255 436 3320 notavit.
479 3253 525 3319 At
542 3276 643 3318 servus
657 3254 723 3338 ejus
737 3252 787 3317 cui
807 3255 1006 3316 nectebantur
1020 3250 1145 3328 insidiae,
1166 3251 1195 3314 ei
1215 3250 1304 3315 ebrio
1320 3247 1428 3314 mutum

309 3362 448 3428 extraxit.
494 3361 536 3427 Et
550 3363 621 3428 cdm
636 3362 731 3427 Maro
746 3360 886 3427 convivas
900 3373 1070 3436 testaretur,
1089 3362 1243 3425 mmomm
1256 3383 1323 3424 esse
1339 3355 1428 3441 imagi·

310 3497 381 3539 uem
411 3472 568 3552 obscenis,
594 3486 625 3537 et
646 3474 712 3559 jam
742 3471 996 3556 subscriptionem
1021 3483 1236 3555 componeret:
1257 3465 1427 3537 ostenditis

310 3609 402 3654 manu
418 3585 473 3650 sud
494 3607 596 3649 servus
611 3581 744 3648 anulum.
790 3581 914 3668 Siquis
938 3582 1019 3646 hunc
1041 3603 1162 3646 servum
1185 3595 1285 3659 vocat,
1309 3576 1426 3644 stillum

311 3696 466 3762 convivam
482 3693 633 3761 vocabit.''
870 3753 875 3762 .

354 3803 522 3872 Destiuore
533 3817 686 3892 properet.
731 3804 875 3869 Muretus
889 3825 925 3866 ac
946 3800 1072 3887 Lipsius
1085 3812 1211 3883 tentant,
1218 3810 1350 3886 potera.

238 4019 241 4026 ’
356 4019 445 4086 Cur.
467 4032 497 4089 8.
521 4021 585 4088 Sed
607 4019 746 4091 claudie
770 4032 798 4086 et
823 4017 930 4086 Juliae.
974 4017 1013 4082 In
1034 4016 1112 4082 MS.
1127 4015 1212 4080 Flor.
1233 4010 1423 4092 retentusque

311 4133 503 4215 editionibus,
521 4145 549 4198 et
571 4131 711 4198 Claudia
733 4141 762 4196 et
786 4129 899 4197 Julic:
922 4129 1001 4206 torte
1023 4151 1084 4192 non
1104 4127 1222 4192 vitiose.
1266 4124 1310 4189 At
1321 4117 1422 4234 cludit,

311 4245 363 4314 red
378 4241 538 4325 Claudiae,
559 4241 785 4310 necimmerito
806 4239 917 4329 Lipsio
930 4252 962 4306 et
984 4238 1200 4307 recentioribus
1221 4231 1385 4308 editoribus,
1401 4243 1423 4287 ⁸¹
