3200 5509
293 528 386 600 ‘uss
628 540 750 599 sors
771 540 822 598 nr
844 538 1176 601 nnnnosrtosns

342 719 346 728 ·
371 676 423 759 M.
441 693 602 779 Lepidum.
656 692 790 776 Ryclsius
812 694 906 757 edidit
928 694 979 757 M.
997 690 1158 780 Lepidum,
1182 694 1213 758 id
1231 706 1288 772 est,
1310 692 1443 765 Mustius.

329 804 491 890 Lepidum.
534 802 635 881 Mate,
649 805 801 870 veteribus
814 804 900 867 libris
912 805 1141 888 refragantibus.

371 914 486 979 Missus
498 916 666 979 in'Asinss.
712 914 763 979 Cl.
780 914 969 994 [allemand
993 917 1096 980 snintu
1119 930 1162 982 est
1186 918 1220 980 in
1249 916 1368 997 Asiam
1389 920 1447 984 nne

325 1026 505 1091 auctoritate
519 1048 554 1089 ac
569 1026 757 1089 necessitate.

368 1254 458 1317 Cur.
481 1262 534 1317 33.
582 1250 699 1315 Vinclis
712 1248 865 1314 exsolutis.
909 1251 1033 1319 Frustra
1047 1253 1215 1334 Acidaliae,
1230 1256 1376 1321 exsoluto.

366 1469 456 1534 Csr.
479 1478 530 1535 84.
600 1468 709 1533 Multa
738 1468 860 1533 duritia
887 1480 1033 1534 osterum.
1093 1468 1169 1533 MS.
1198 1470 1282 1535 Flor.
1309 1472 1447 1536 eduiones

323 1592 439 1643 veteres
457 1592 489 1643 et
511 1578 668 1654 Enrestus,
693 1578 816 1642 (leontio.
861 1578 1004 1643 Muretus
1025 1592 1056 1643 et
1069 1580 1226 1645 Acidslius
1249 1582 1448 1661 emendanti

322 1690 444 1755 duritie.
487 1690 632 1766 Quidam,
662 1688 786 1765 duritie,
810 1710 867 1771 pro
891 1689 1018 1753 duritiei
1039 1690 1154 1755 dictum
1178 1702 1296 1775 putant,
1320 1708 1352 1756 nt
1370 1694 1448 1777 npud

324 1800 457 1879 livium,
474 1821 505 1862 v.
529 1808 576 1863 13.
621 1796 799 1862 insanabili
820 1800 958 1884 pernicie
971 1822 1028 1884 pro
1051 1800 1221 1865 insanabili
1238 1802 1448 1888 pernicieissi

322 1911 424 1997 plures
449 1908 552 1975 Taciti
581 1908 682 1973 MSS.
709 1908 831 1972 codices
850 1906 884 1971 in
908 1909 1021 1973 duritie
1047 1912 1260 1990 consentirent,
1284 1912 1448 1977 retinerem.

320 2024 450 2087 Atesim
464 2043 540 2084 unus
554 2021 670 2083 tsntbm
684 2020 840 2096 habeatur,
855 2032 886 2083 et
899 2040 980 2103 saepe
992 2018 1115 2084 vitiosus
1117 2022 1241 2106 ,recepi
1250 2044 1321 2085 cunr
1334 2022 1447 2101 meris,

320 2132 453 2196 duritia.
496 2127 652 2209 Heinsius,
667 2127 764 2192 mrtlto
779 2128 943 2195 durities
924 2130 1042 2197 soteris.
1085 2130 1164 2195 Vide
1183 2128 1277 2195 Misc.
1297 2132 1374 2197 Obs.
1398 2152 1447 2197 rx.
1547 2146 1548 2219 p

319 2250 394 2314 ³91.
1547 2250 1548 2309 ¹

364 2352 406 2416 Ιιι
420 2350 527 2415 melius
540 2374 578 2415 uc
592 2349 698 2415 latins.
744 2332 926 2434 Propositio
938 2352 1024 2413 abest
1036 2348 1074 2414 ab
1088 2350 1269 2417 editionibus
1284 2353 1447 2419 veteribus:
1547 2342 1548 2377 ¹

319 2465 350 2529 in
363 2462 580 2527 recentioribus
593 2462 674 2525 secti
689 2460 809 2539 addita3
832 2460 874 2523 sic
889 2460 969 2523 enim
983 2458 1121 2539 Tacitus,
1133 2460 1216 2525 Hist.
1231 2484 1254 2525 ι.
1269 2471 1321 2527 50.
1547 2442 1548 2445 Ἴ

363 2571 599 2638 Revertentibus
613 2582 680 2656 pos-t
705 2569 850 2633 laborem.
897 2568 976 2635 Post
1002 2570 1146 2651 l,nborem
1167 2571 1356 2637 librariorum
1382 2594 1448 2639 esse

317 2684 552 2752 additamentum
567 2682 746 2780 opinabatur
760 2678 812 2744 Cl.
828 2680 918 2767 Boug
899 2680 1022 2745 «assius.

359 2896 448 2960 Ces.
472 2904 523 2960 35.
568 2894 669 2957 lluud
686 2898 778 2981 jutus
799 2904 852 2959 etl.
896 2892 934 2957 In
960 2896 1035 2961 MS.
1060 2896 1141 2961 Flor.
1164 2898 1250 2963 baud
1265 2900 1371 2985 jmtso
1392 2910 1443 2964 etl.

316 3006 446 3091 Optime
478 3002 649 3067 emendavit
678 3005 748 3069 inc.
774 3004 960 3084 Gronovius,
998 3006 1028 3069 in
1057 3030 1118 3091 qno
1147 3008 1293 3073 Ernestus
1332 3026 1362 3073 et
1389 3030 1443 3074 nos

315 3114 542 3201 acquiescimus,
556 3114 641 3177 based
642 3117 734 3201 jutus
746 3126 799 3179 est.
845 3115 896 3178 Sic
910 3114 1021 3189 Annei.
1040 3138 1114 3180 xiv.
1128 3130 1159 3183 4.
1167 3118 1304 3197 solestia,
1315 3134 1443 3208 ternpore

314 3225 499 3313 ctiomjutu.
545 3224 682 3288 Pessimi
693 3236 725 3287 et
739 3238 845 3289 contra
856 3224 958 3289 Taciti
971 3238 1113 3305 mentem,
1127 3228 1252 3293 ouddus
1265 3242 1318 3295 est.
1341 3232 1442 3319 AEqui
1546 3224 1547 3241 ¹

313 3332 473 3399 infeliciter
485 3334 548 3412 ulii,
558 3336 681 3421 arbutus
695 3346 747 3399 est.
792 3334 948 3419 Bipontini
962 3358 1084 3421 qnoque
1099 3336 1156 3422 ipsi
1165 3354 1313 3423 promunt
1323 3344 1441 3430 conjec-

267 3459 272 3471 '
312 3460 412 3511 tursnr
425 3468 523 3523 marn,
537 3446 622 3509 boud
631 3445 712 3508 nisus
728 3455 779 3508 est.
804 3445 842 3507 B.
855 3446 893 3509 C.
913 3456 1018 3509 ll.v1.
1034 3448 1086 3515 62.

355 3658 444 3723 Cur.
466 3660 517 3724 36.
564 3658 602 3723 C.
633 3658 750 3724 Cestius
771 3672 903 3725 senator.
959 3662 1071 3727 Tentat
1099 3664 1233 3750 Lipsius,
1259 3669 1369 3751 senior,
1392 3670 1437 3735 rel

309 3780 426 3833 nmio.
471 3768 611 3847 leviora,
627 3770 719 3855 quim
733 3784 767 3833 ut
780 3771 799 3833 d
815 3770 983 3853 Ryckioits
995 3772 1152 3857 diligenter
1164 3779 1369 3845 confutentur.

354 3878 401 3943 Es
411 3878 548 3966 quidam.
592 3878 705 3945 Mallet
717 3879 872 3961 Heinsius,
887 3882 1061 3969 etquidem.
1091 3920 1094 3929 ·
1106 3884 1140 3951 N
1141 3908 1176 3951 ec
1185 3890 1340 3969 beni,nec
1351 3888 1437 3971 mslb;

309 3987 529 4053 sedinutiliter.

352 4184 441 4249 Cse.
464 4197 516 4257 37.
539 4187 634 4253 Diem
647 4190 841 4257 editionibus.
886 4194 1054 4263 Beroaldus
1075 4197 1184 4285 aliique
1208 4212 1333 4280 veteres,
1347 4202 1433 4290 addi·

308 4295 487 4359 sationibus.
532 4297 660 4383 Optimi
688 4301 813 4386 Lipsius
836 4316 867 4385 et
890 4307 1079 4387 recentiores,
1103 4308 1297 4375 editionibus.
1342 4311 1430 4377 Diem

306 4403 495 4489 spectaculis,
509 4424 630 4473 noctem
644 4412 788 4476 conviviis
801 4414 938 4495 trahebat
952 4414 1082 4481 Drusus.
1106 4418 1264 4490 Quantdm
1274 4423 1430 4487 cruentatis

307 4516 397 4583 etiam
404 4516 584 4601 spectaculis
592 4524 746 4605 gauderet,
755 4521 962 4595 animisdvertit
982 4526 1108 4596 Tacitui
1118 4552 1211 4615 supra
1224 4532 1428 4604 donabelli.
1545 4538 1546 4542 ’
