3200 5509
371 546 430 603 ro
451 544 527 605 ms.
549 542 605 603 111.
619 537 718 601 suu.
740 542 776 600 c.
796 537 923 599 coru.
943 518 1090 598 rucrrr.
1249 540 1307 599 us

167 700 382 776 centesimum,
395 718 522 761 uxorem
536 696 678 760 duxisset
722 692 798 757 Inde
816 695 898 757 bonu
913 690 965 754 illa
986 682 1310 757 venumdabantur

170 830 296 895 quoque
314 808 441 885 caduco,
456 808 540 893 qrrbd
552 810 609 870 sub
624 804 828 869 conditionem
844 804 995 867 cuderent.
1039 799 1111 863 Nec
1130 798 1162 873 io
1182 796 1325 861 coelibes·

170 916 473 996 antonomasiam
496 916 526 981 in
550 915 674 981 maritos
697 914 763 978 sine
784 912 889 979 liberis
909 911 1183 983 mimadverrsbms
1204 906 1307 1007 leger

169 1028 428 1106 undeJuvenalis,
446 1048 498 1091 rx.
510 1035 561 1092 85.
862 1010 865 1018 ’

542 1260 673 1326 Foribus
686 1260 829 1348 suspende
843 1284 967 1327 coronas

259 1380 336 1445 Jum
346 1388 440 1465 paler
453 1402 498 1450 es,-
522 1378 657 1444 dedimus
672 1378 856 1467 quodsurruc
871 1399 1018 1464 opponere
1026 1378 1132 1479 possis.

260 1496 291 1561 J
289 1520 344 1559 uro
355 1497 492 1581 porculis
507 1494 611 1560 luber:
628 1508 756 1583 propter
769 1520 815 1561 mc
828 1496 968 1560 scriberis
982 1496 1073 1575 teres,

259 1612 412 1701 Legatum
425 1636 511 1676 orrrrre
525 1614 616 1701 cupis,
629 1638 681 1679 arec
690 1637 752 1679 oon
765 1626 794 1679 et
809 1614 895 1679 dulce
906 1614 1062 1679 caducum.

257 1726 427 1794 Commodo
438 1731 585 1815 pretereo
585 1732 764 1817 junguntur
777 1731 875 1797 multo
891 1732 1022 1805 caducis,

235 1910 239 1916 ,
261 1846 298 1911 st
311 1871 478 1924 arimenum,
491 1849 521 1929 si
532 1858 590 1913 tres
606 1849 776 1937 implevero.

171 2080 281 2169 Itaque
292 2081 393 2167 siquis
408 2095 493 2169 pater
503 2095 590 2160 esset,
602 2080 702 2154 statim
714 2078 875 2165 privilegiis
887 2092 1045 2165 parentum
1057 2081 1207 2157 utebatur,
1221 2076 1305 2141 heres

170 2192 371 2272 scribebatur,
386 2192 486 2276 legata
500 2192 671 2276 caducaque
685 2190 840 2275 capiebat:
863 2190 888 2253 si
900 2190 970 2253 verb
984 2210 1146 2270 numerum!
1153 2187 1304 2273 impleret,

171 2300 275 2383 idest,
293 2301 319 2365 si
338 2316 397 2367 tres
410 2301 521 2367 liberos
542 2301 719 2385 susciperet,
740 2312 811 2363 tuuc
831 2298 952 2365 caducis
970 2298 1065 2365 multa
1082 2300 1306 2387 ,jungebantm

171 2409 290 2489 scilicet
314 2411 345 2474 in
365 2410 598 2495 magistratibus,
620 2431 785 2495 eorumque
812 2408 974 2493 insignibus
1003 2406 1182 2501 obtinendis,
1202 2404 1306 2491 potior

171 2520 352 2599 habebatur,
363 2534 397 2584 ut
410 2522 524 2584 dictum
537 2541 630 2603 supra
645 2517 756 2583 Anual.
773 2540 814 2581 11.
836 2528 888 2583 51.
933 2517 1011 2581 Vide
1025 2530 1055 2581 et
1071 2516 1217 2593 Diouem,
1232 2501 1315 2579 cvii

172 2653 208 2715 pt
235 2638 309 2700 578.
353 2629 503 2711 Gellium,
529 2650 569 2695 ιι.
602 2640 650 2693 15.
701 2628 870 2693 Antonium
897 2627 1104 2711 Augustinum
1127 2627 1164 2689 de
1189 2624 1306 2707 legibus

174 2738 335 2821 Romarm,
346 2764 380 2825 p.
394 2749 436 2806 74
445 2754 476 2803 et
489 2763 552 2825 seq.
566 2762 603 2803 ac
617 2736 747 2803 maxims
758 2738 934 2818 Gravimrn,
951 2736 1070 2823 Origin.
1079 2736 1100 2803 J
1104 2736 1164 2800 uris
1177 2720 1307 2819 civilfp.

173 2850 239 2915 556
252 2863 282 2912 et
296 2873 359 2933 seq.
404 2848 507 2912 Multa
520 2848 611 2913 etiam
625 2850 717 2913 habet
735 2847 857 2933 Lipsius
872 2850 909 2911 ad
931 2846 1010 2911 huuc
1035 2846 1136 2913 Taciti
1159 2845 1262 2909 locum
1276 2841 1307 2907 iu

172 2980 304 3029 excursu
327 2960 366 3023 C.
390 2958 485 3026 Plura
503 2972 533 3025 et
554 2958 777 3024 accuratissima
800 2957 941 3023 Laevinus
953 2955 1132 3021 Torrentius
1147 2955 1178 3021 in
1193 2953 1293 3018 addita

173 3068 284 3132 mentis
297 3070 335 3131 ad
354 3067 529 3149 Horatium,
544 3090 576 3153 p.
591 3077 663 3139 755.
708 3066 824 3132 Postei
831 3069 884 3155 jus
909 3066 940 3129 in
961 3066 1081 3131 caducis
1103 3064 1121 3129 al
1137 3062 1254 3151 populo
1268 3063 1306 3125 ad

171 3178 283 3241 fiscum
299 3176 453 3262 Principis
466 3176 535 3261 lege
549 3176 697 3241 Antonini
721 3176 896 3241 translatum
911 3189 965 3255 est,
980 3189 1014 3239 ut
1032 3176 1122 3238 docet
1145 3159 1312 3259 Ulpianus.¹

173 3286 255 3351 Vide
280 3285 455 3365 Gravinum,
470 3285 538 3349 libr.
552 3285 603 3349 cit.
625 3310 658 3371 p.
681 3290 755 3355 608.
797 3286 853 3365 At,
868 3286 938 3349 cum
959 3298 1020 3349 mm
1034 3283 1174 3348 acremin
1193 3282 1306 3347 maritis

172 3394 293 3479 legibus
306 3396 519 3481 promovendis
533 3394 717 3481 diligentiam
731 3396 841 3474 videos,
857 3393 924 3463 iude
939 3396 1035 3459 foedas
1053 3393 1147 3458 Urbis
1169 3392 1306 3457 libidines

172 3528 277 3587 argue,
298 3528 337 3569 ne
357 3506 442 3586 verb,
464 3519 498 3569 ut
522 3505 738 3581 recentioribus
764 3505 944 3593 quibusdam
964 3503 1160 3590 scriptoribus
1184 3500 1312 3590 placuit.

173 3612 351 3689 coelibatum
371 3613 547 3698 reipublicae
560 3612 638 3679 beni
659 3615 829 3679 constitutae
854 3614 1000 3679 adversari
1022 3614 1184 3679 existimes.
1229 3614 1312 3678 Sua

172 3722 234 3814 ipsi
255 3723 382 3806 virgines
403 3721 535 3788 habuere
564 3722 713 3790 Romani:
736 3726 868 3789 habuere
891 3748 1012 3811 quoque
1029 3724 1177 3809 AEgyptii‚
1194 3722 1307 3802 Graeci,

173 3832 329 3918 ceterique
343 3833 555 3918 sapientissimi
569 3834 686 3923 populi.
730 3834 814 3907 Quid
824 3834 884 3899 hirc
896 3834 927 3897 in
941 3858 983 3911 rc,
996 3846 1042 3899 tot
1056 3833 1307 3919 disputationibus

174 3940 339 4021 celebrati,
350 3943 485 4021 sentiam,
501 3921 606 4028 paucis
620 3943 762 4029 aperiam.
807 3945 947 4018 Quatuor
963 3942 1057 4007 ferme
1076 3958 1145 4008 sunt
1163 3943 1308 4009 coelibum

174 4076 296 4137 genera.
338 4052 401 4115 Alii
415 4067 542 4138 propter
554 4054 739 4139 religionem,
761 4054 813 4119 alii
827 4068 949 4141 propter
969 4054 1128 4120 utilitatem
1142 4054 1307 4141 publicam,

175 4162 228 4226 alii
251 4176 378 4247 propter
399 4161 581 4242 libertatem,
605 4165 655 4227 alii
680 4179 807 4250 propter
843 4163 1043 4250 voluptatem,
1067 4164 1085 4228 d
1116 4166 1308 4231 matrimonio

174 4273 334 4336 abstineut.
381 4272 456 4336 Duo
472 4272 573 4357 priora
587 4298 696 4358 genera
710 4276 836 4339 retineat
856 4298 980 4358 regnum
996 4272 1072 4339 bend
1095 4273 1309 4355 constitutum

152 4398 155 4402 ’
176 4382 239 4444 duo
253 4382 420 4466 posteriora
434 4382 584 4446 acerrimis
595 4384 714 4468 legibus
727 4398 877 4450 coerceat.
921 4384 1000 4449 Hac
1012 4384 1093 4450 enim
1107 4386 1311 4452 iu'detrimen·

175 4503 285 4553 tumet
299 4492 428 4556 dedecus
441 4492 561 4577 imperii
570 4495 700 4560 cedunt:
723 4494 776 4559 illu
786 4494 904 4580 imperii
915 4494 1065 4581 majestati
1076 4509 1108 4561 et
1118 4496 1311 4583 prosperitati

172 4598 348 4686 inserviunt.
398 4598 480 4668 Veri
502 4602 592 4688 euim,
615 4626 674 4672 uec
702 4619 859 4693 suspectus
883 4605 978 4689 testis,
1007 4603 1122 4674 illustr.
1158 4606 1315 4691 Baccanae
