3200 5509
329 527 384 588 1?ss
682 521 717 578 C.
734 516 931 579 CORNELII
952 514 1089 576 Tacttt
1246 513 1439 582 nuum.

379 682 434 744 18.
461 673 612 744 Mum
634 697 679 743 ex
700 669 741 743 ed
763 668 928 744 sententiis
949 669 1099 766 mitigata
1124 682 1204 740 sunt
1228 665 1249 738 a
1274 666 1438 760 Principe:
1538 696 1539 703 ¹

324 792 353 830 “
369 809 413 858 ne
430 809 556 857 nomen
572 784 703 858 Pisonis
719 783 811 858 fastis
827 783 1046 871 eximeretur,
1062 781 1202 878 quando
1220 781 1272 852 Μ.
1291 779 1440 867 Antonii,¹

328 906 355 945 ‘⁶
370 900 430 996 qui
457 899 586 972 bellum
615 899 731 995 patriae
758 896 902 985 fecisset,
930 897 997 970 luli
1024 895 1193 984 Antonii,²
1226 895 1287 992 qui
1317 895 1442 964 domum

326 1020 353 1057 “
371 1013 520 1110 Augusti
532 1011 700 1101 vidisset,
718 1012 942 1082 manerent:”
968 1027 1002 1081 et
1019 1014 1071 1082 M.
1088 1010 1247 1082 Pisonem
1263 1009 1440 1108 ignominie

327 1126 467 1212 exemit,
485 1126 716 1222 concessitque
733 1126 763 1198 ei
780 1142 919 1221 paterna
934 1127 1046 1214 bona,
1073 1124 1150 1196 satis
1166 1125 1300 1213 firmus,
1319 1139 1354 1194 ut
1368 1125 1441 1218 saept

328 1240 539 1328 memoravi‚³
567 1241 750 1315 adversum
778 1241 970 1336 pecuniam,
996 1258 1031 1313 et
1057 1257 1132 1311 tum
1148 1239 1282 1334 pudore
1298 1238 1442 1308 absolute

327 1353 498 1426 Plancinae
515 1353 736 1449 placabilior.⁴
784 1359 902 1451 Atque
927 1353 1032 1443 idem,
1049 1355 1133 1425 edm
1163 1352 1319 1424 Valerius
1335 1352 1440 1420 Messa·
1539 1416 1540 1457 ,

329 1466 419 1539 linus
444 1474 469 1509 “
486 1467 623 1564 signum
643 1471 808 1539 aureum⁵
828 1467 866 1537 in
884 1470 959 1540 aede
976 1467 1096 1539 Martis
1112 1467 1246 1538 Ultoris
1258 1467 1299 1556 ;'’
1325 1465 1441 1537 Caecim

329 1582 478 1654 Severus
506 1589 640 1653 “aram
670 1581 803 1654 Ultioni
830 1583 1067 1653 statuendam'’
1100 1581 1321 1667 censuissent,
1348 1577 1442 1675 probi

329 1693 426 1765 buit:
466 1703 492 1738 “
508 1697 553 1767 ob
578 1711 735 1768 externas
756 1721 796 1768 ea
812 1694 965 1767 victorias
985 1695 1133 1767 sacrati''
1158 1696 1326 1782 dictitans,
1358 1701 1383 1736 “
1397 1693 1442 1763 do

278 1805 284 1814 ”
330 1814 356 1850 “
375 1808 510 1881 mestica
526 1810 614 1881 mala
629 1809 759 1881 tristitii
775 1811 997 1905 operienda”
1039 1810 1229 1883 Addiderat
1246 1808 1441 1893 Messalinus

324 1928 357 1970 ·“
374 1921 525 2012 Tiberio,
554 1938 587 1994 et
604 1927 785 2020 Augustae,
811 1941 846 1996 et
862 1923 1036 2013 Antoniae,
1064 1941 1097 1996 et
1115 1923 1318 2023 Agrippinae
1332 1923 1442 1994 Drusr-
1540 1960 1541 1987 2

331 2041 357 2078 “
375 2059 455 2132 que,
471 2038 517 2108 ob
533 2035 714 2108 vindictam
732 2036 944 2126 Germanici,
962 2056 1073 2134 grates
1089 2039 1276 2139 agendas,”
1293 2036 1442 2108 omiseru-

330 2171 399 2244 que
418 2149 550 2221 Claudii
567 2145 808 2221 mentionem:⁶
835 2165 869 2222 et
881 2151 1103 2223 Messalinum
1119 2151 1259 2247 quidem
1276 2133 1323 2222 L.'
1338 2154 1441 2245 Aspre·

329 2285 392 2334 nas
419 2280 535 2335 senatu
563 2287 679 2336 coram
707 2281 945 2360 percunctatus
978 2281 1041 2354 est,
1083 2273 1108 2308 “
1125 2289 1169 2337 an
1198 2268 1351 2361 prudens
1377 2284 1441 2358 prr·

331 2383 358 2418 “
372 2373 553 2451 terlsset?”
578 2403 617 2451 ac
635 2395 709 2451 tum
725 2378 866 2451 demum
882 2402 1008 2452 nomen
1025 2380 1160 2454 Claudii
1176 2380 1386 2476 adscriptum
1400 2389 1440 2448 st

331 2489 433 2577 Mihi,
460 2509 587 2587 quanto
603 2493 702 2587 plura
716 2495 917 2582 recentium,
939 2519 999 2566 seu
1016 2512 1170 2566 veterum
1186 2494 1342 2581 revolvo,
1371 2507 1441 2564 tatto

330 2603 439 2702 magis
465 2604 608 2678 ludibria
633 2631 750 2678 rerum
771 2609 965 2684 mortalium
986 2609 1117 2681 cunctis
1131 2609 1167 2679 in
1183 2610 1329 2707 negotiis
1346 2609 1441 2681 obver·
1541 2600 1542 2617 ¹

329 2733 470 2790 santur:
498 2718 623 2816 quippe
638 2717 742 2807 fami,
759 2745 832 2816 spe,
857 2723 1084 2812 veneratione,
1106 2723 1222 2819 potius
1245 2747 1368 2794 omnes
1385 2719 1440 2790 ies

329 2829 523 2904 tinabantur
537 2834 692 2930 imperio,
709 2834 815 2932 quim
831 2861 935 2942 quem
951 2833 1107 2910 futurum
1123 2835 1314 2941 principem
1329 2836 1441 2910 foruna

330 2943 365 3016 in
380 2948 516 3020 occulto
533 2951 677 3029 tenebat.

383 3183 439 3250 19.
456 3177 601 3254 Patren
615 3179 693 3276 post
705 3182 825 3256 diebus
835 3185 953 3258 Caesar
963 3199 1083 3256 auctor
1094 3182 1225 3256 senatui
1236 3180 1316 3272 fuit,
1329 3178 1441 3250 “ffitel-

331 3295 357 3334 “
375 3289 433 3380 lio,
450 3307 551 3389 atque
568 3295 727 3384 Veranio,
744 3313 778 3368 et
794 3299 932 3376 Servaeo
945 3297 1130 3373 sacerdotia
1144 3297 1345 3378 mtuendir
1369 3290 1442 3365 Ful-

331 3403 419 3480 cinio
452 3405 693 3506 “suffragium
718 3411 761 3484 ad
787 3411 964 3486 honores”
990 3413 1173 3508 pollicitus,
1197 3413 1332 3491 amnuit
1361 3415 1386 3452 “
1401 3429 1441 3478 Ν

332 3523 358 3562 “
374 3516 567 3594 facundiam
577 3523 735 3596 violentia
747 3527 1023 3624 praedpitaret.’'⁷
1039 3529 1072 3605 Is
1087 3527 1164 3606 finis
1179 3525 1244 3604 fuit
1255 3515 1440 3600 ducendi·

373 3665 451 3725 ¹M.
466 3670 591 3734 Antonii,
632 3672 793 3732 Triumviri.
927 3690 986 3733 orat
1000 3677 1028 3733 in
1043 3694 1115 3734 vm.
1129 3677 1206 3734 urbis
1220 3676 1324 3752 region

371 3741 385 3770 ²
404 3746 468 3806 Iuli
478 3750 603 3807 Antonii.
624 3749 868 3827 lulusAntonius,
966 3749 980 3782 ⁶
1000 3755 1111 3813 Claudii
1122 3756 1291 3812 mmtionrm.
1312 3751 1440 3817 Ilaudiua

332 3826 471 3886 triumviri
488 3827 572 3895 filius,
585 3832 622 3886 ob
636 3831 807 3892 adulterium
817 3835 833 3892 J
839 3855 869 3896 u·
928 3835 1090 3893 Germnniri
1105 3835 1198 3902 frater,
1215 3847 1284 3891 tunc
1296 3831 1387 3892 smmd
1398 3831 1444 3887 de·

306 3905 377 3976 ,ltae
400 3920 489 3972 morto
511 3910 635 3984 punitur.
690 3911 766 3974 infra
793 3918 869 3972 Ann.
927 3910 1441 3989 spectusvtdesmtoniumncnud.

333 3991 440 4048 rudi.
929 4009 955 4048 ιι
969 4006 998 4050 et
1015 4011 1048 4050 x.
1089 3993 1133 4050 lbi
1154 3994 1227 4050 mira
1246 4008 1322 4052 rertn
1341 4003 1441 4047 morta·

373 4057 384 4093 ³
408 4065 450 4120 Ut
462 4085 531 4141 supe
545 4068 700 4128 memorari.
726 4069 831 4128 Anncl.
846 4087 869 4128 1.
928 4071 999 4128 lium
1012 4071 1147 4130 ludibria.

332 4147 495 4209 75·11.1t8.
967 4147 1142 4208 ’Violentid
1163 4150 1345 4229 precipiun-
1400 4145 1442 4204 El

371 4218 587 4288 *Placebilion
613 4225 780 4288 Pudendum
793 4227 867 4285 enim
926 4229 992 4286 sanc
1014 4230 1147 4288 violentid
1169 4233 1294 4305 abrepto,
1311 4239 1442 4288 vermer

332 4300 404 4361 locut
424 4299 452 4360 in
476 4315 583 4378 patrem
606 4319 633 4362 et
653 4305 744 4364 filium
764 4309 869 4375 servire,
927 4309 1022 4366 inania
1045 4311 1138 4367 Pisoni
1157 4311 1272 4387 objecit,
1280 4317 1310 4366 ut
1330 4307 1439 4365 dictum

333 4379 477 4438 Plancinae
511 4383 576 4441 nord
608 4385 689 4460 longe
715 4387 868 4447 nocentiori
926 4397 1149 4466 supracap.13.

332 4457 484 4534 indulgere.
819 4488 824 4496 ·
967 4465 1179 4528 'ulciscenda
1241 4459 1441 4528 lnulcisoendl

371 4533 519 4616 ‘Signum
550 4559 670 4605 auream.
739 4546 869 4604 Annum
927 4547 1091 4612 Germanici
1104 4559 1204 4609 morte.

331 4613 435 4680 Martis
451 4619 555 4679 Ultoris
570 4623 690 4699 signum,
702 4624 785 4701 cujus
797 4625 870 4683 aedes
