3200 5509
323 273 383 338 ⁵26
638 275 762 334 NOTAE
783 273 834 334 ET
854 275 1183 341 autumnum

367 539 455 605 Car.
482 547 530 612 19.
553 539 768 625 Aurariasque
790 540 864 626 ejus.
908 537 997 603 Mur
1019 543 1162 607 emendat
1186 542 1328 626 Faernus,
1342 571 1437 638 argis.

319 650 420 716 lorias
447 651 518 736 ejus.
564 647 707 713 Muretus
734 647 815 714 delet
852 650 1043 734 porticulum,
1074 675 1153 739 que,·
1167 655 1291 720 ,meritb
1320 658 1436 745 quim.

321 760 415 825 Certi
438 760 593 824 redundat.
638 758 734 824 Hand
755 760 798 822 its
819 759 1019 844 probabiliter
1039 764 1180 829 emendet
1202 765 1277 830 Nic.
1297 767 1435 851 Heinsiu,

319 871 564 958 magnitudinem
576 870 714 956 pecunia
734 871 816 934 malo
837 872 959 936 vertisse
976 875 1186 961 aurariasque,
1199 898 1259 956 eas,
1272 901 1438 968 quanquam

313 981 557 1069 publicarentur,
570 981 691 1047 sibimet
708 980 849 1047 Tiberius
861 985 1000 1070 seposuit.

363 1089 475 1156 Jacuit
486 1093 630 1156 immensa
648 1103 772 1180 strages.
817 1091 892 1156 Huc
911 1093 990 1156 forti
1008 1107 1147 1180 spectent
1158 1101 1249 1162 verbs
1268 1099 1435 1166 Suetoniiis

319 1199 427 1266 liber.
452 1223 525 1265 nxr.
556 1209 576 1240 “
594 1201 697 1266 Nemo
723 1203 900 1286 punitorum
924 1226 985 1266 non
1007 1217 1039 1268 et
1062 1205 1092 1268 in
1116 1203 1284 1272 Gemonias
1305 1211 1435 1295 abjectus,

318 1335 459 1400 uncoque
473 1323 593 1377 tractus.
637 1309 752 1394 Viginti
766 1335 828 1375 uuo
842 1310 891 1376 die
907 1315 1019 1400 objecti
1033 1317 1183 1402 tractique
1196 1331 1286 1384 sunt:
1308 1319 1434 1384 intereos

317 1421 405 1509 pueri
420 1437 450 1486 et
464 1422 627 1486 imminue?
670 1419 862 1506 corruptum
875 1447 940 1487 esse
962 1446 1132 1506 numerum,
1150 1425 1285 1513 Viginti,
1301 1430 1435 1495 existimet

317 1531 453 1618 Lipsius,
477 1532 690 1617 substituitque
719 1559 766 1611 en,
790 1531 822 1594 id
845 1546 901 1612 est,
925 1533 1025 1599 mille:
1051 1536 1135 1620 quod
1158 1538 1266 1620 pssum
1291 1539 1436 1623 probabile

316 1644 443 1709 ridetur.
488 1641 540 1708 De
561 1642 620 1706 nee
640 1641 787 1706 immensi
811 1655 910 1728 susae
931 1644 998 1708 vide
1023 1643 1168 1725 Dionen,
1194 1667 1299 1710 evin.
1320 1672 1353 1733 p.
1372 1650 1434 1714 680.

317 1753 472 1821 Plurimos
493 1757 533 1818 sb
555 1751 627 1838 ipsis
649 1751 776 1817 tribunis
801 1751 902 1836 plebis
925 1767 958 1818 et
979 1753 1153 1820 oonsulibus
1175 1755 1193 1819 ἑ
1214 1757 1352 1841 Tarpeio
1373 1781 1435 1822 suro

315 1863 407 1929 luisse
421 1863 625 1949 praecipitatos
636 1865 735 1927 docet.
780 1861 938 1928 Pudorem
959 1862 1050 1928 simiel
1068 1887 1105 1928 uc
1121 1865 1341 1932 humanitatem
1357 1891 1434 1934 eruo

314 1987 389 2056 runt,
403 1973 560 2040 servilibus
574 1972 680 2038 animis
694 1973 832 2037 infames.

357 2085 426 2150 Aut
439 2085 591 2173 aggerati.
633 2081 683 2146 Ite
702 2082 778 2147 MS.
794 2081 880 2149 Flor.
899 2083 1047 2149 editiones
1064 2095 1181 2150 veteres
1201 2099 1234 2151 et
1256 2088 1432 2156 reoenbores.

314 2195 351 2260 ln
365 2195 559 2274 intermediis,
574 2193 747 2282 aggregati.

359 2303 399 2370 Vi
427 2303 532 2372 metris.
577 2302 674 2368 Reeti
702 2301 826 2370 dictum.
870 2303 941 2368 Noa
975 2307 1150 2372 tensendum
1177 2331 1248 2374 cnm
1278 2309 1382 2396 lipsio
1407 2323 1432 2374 et

313 2416 528 2496 Freinshemio,
542 2415 585 2494 vi,
600 2423 690 2480 autu.

354 2631 442 2699 Car.
465 2641 516 2698 20.
544 2631 673 2700 Qualem
688 2633 721 2696 irs
736 2631 814 2698 diem
832 2631 972 2700 Tiberius
983 2633 1137 2700 induisset.
1180 2631 1273 2700 Male
1284 2633 1352 2700 libri
1360 2633 1427 2714 erili,

309 2743 430 2834 qualem
451 2741 540 2808 diem.
586 2739 751 2808 Divinnbet
772 2743 958 2825 Vertrenius,
984 2744 1106 2832 qualem
1127 2744 1186 2810 die.
1228 2745 1313 2811 Veri
1336 2743 1427 2809 illustr.

309 2851 454 2934 Huetius,
468 2851 589 2942 qualem
602 2853 636 2916 iu
655 2853 743 2918 aliern.
788 2852 910 2918 Brotier
928 2866 959 2919 et
982 2853 1139 2940 Bipontini
1161 2877 1223 2919 non
1243 2856 1316 2921 satis
1337 2879 1427 2941 perce·

307 2963 389 3050 pisse
400 2965 537 3030 videntur
547 2963 726 3048 elegantium
737 2961 770 3029 J.
780 2961 817 3030 F.
829 2963 991 3045 Gronovii,
1001 2963 1054 3051 qui
1065 2965 1140 3030 libb.
1151 2965 1303 3030 editorum
1315 2965 1427 3051 scriptu·

307 3099 372 3140 rum
386 3087 487 3140 tuetur
497 3071 704 3138 observatione
720 3071 895 3138 imitationis
908 3073 1095 3155 Homerico,
1108 3077 1170 3162 qul
1184 3075 1314 3142 Tacitus
1322 3097 1425 3161 expres·

307 3183 345 3250 sit
361 3183 462 3250 nobile
477 3183 552 3249 illud
563 3184 687 3266 dictum,
700 3183 762 3250 Od.
776 3187 813 3253 Σ.
833 3193 902 3264 135,
919 3186 950 3249 6.
973 3185 1137 3264 induisset,
1151 3189 1235 3272 quod
1250 3211 1305 3253 nos
1320 3187 1423 3275 quiden

306 3317 366 3360 non
388 3295 598 3380 repudiamus3
621 3319 682 3360 non
704 3309 805 3360 temen
826 3317 1039 3380 repugnamus,
1060 3295 1085 3361 si
1110 3295 1177 3382 quis
1199 3299 1238 3361 ud
1264 3297 1420 3384 exemplum

306 3403 509 3472 Homericum
520 3419 617 3472 mutet
630 3405 660 3471 in
675 3405 850 3470 induxisset.
874 3403 913 3468 B.
927 3405 966 3472 C.
983 3428 1023 3470 11.
1040 3427 1088 3470 vr.
1102 3409 1155 3473 64.

349 3515 552 3605 Tlrasyllum.
595 3517 720 3582 Veteres
741 3513 822 3596 libri,
848 3515 1032 3582 Trasullum.
1077 3515 1166 3583 Bene
1182 3515 1260 3600 Dio,
1277 3537 1306 3584 r..
1320 3515 1420 3604 paro.

307 3629 484 3718 θςᾶσυλλον.

347 3842 437 3908 Cir.
458 3851 511 3908 21.
536 3841 633 3928 Super
654 3841 713 3908 toli
733 3842 866 3928 rimatio.
910 3839 950 3909 ln
963 3839 1040 3906 MS.
1055 3839 1139 3906 Flor.
1151 3863 1241 3928 usper
1253 3852 1289 3907 ta
1306 3839 1418 3928 segatio.

306 3951 395 4020 libri
409 3953 491 4033 editi,
508 3975 598 4040 super
617 3955 755 4042 sugerio..
794 3953 931 4021 Pislsens
943 3951 1087 4037 conjecit,
1098 3972 1188 4038 super
1198 3951 1271 4030 sau,
1288 3950 1334 4016 rel
1345 3968 1418 4035 supa

302 4083 335 4130 au
349 4063 480 4150 negotio.
524 4062 651 4144 Melius,
666 4063 734 4129 tuli.

345 4174 433 4242 Deio
463 4195 632 4258 pavescere.
691 4173 768 4239 MS.
793 4173 877 4237 Flor.
905 4184 1090 4258 postsecus.
1147 4172 1223 4238 Inde
1254 4169 1416 4260 conjicisbtt

302 4283 324 4351 J
327 4309 373 4354 nc.
390 4281 575 4366 Gronovius,
585 4306 754 4370 pavescens.
799 4283 898 4351 Recte
912 4305 1043 4370 quoque,
1053 4304 1220 4370 paruam.
