<?xml version="1.0" encoding="UTF-8"?>
<!DOCTYPE html PUBLIC "-//W3C//DTD XHTML 1.0 Transitional//EN"
    "http://www.w3.org/TR/xhtml1/DTD/xhtml1-transitional.dtd">
<html xmlns="http://www.w3.org/1999/xhtml" xml:lang="en" lang="en">
 <head>
  <title>
</title>
<meta http-equiv="Content-Type" content="text/html;charset=utf-8" />
  <meta name='ocr-system' content='tesseract 3.04.00' />
  <meta name='ocr-capabilities' content='ocr_page ocr_carea ocr_par ocr_line ocrx_word'/>
</head>
<body>
  <div class='ocr_page' id='page_1' title='image "./opera00valpgoog_0262.png"; bbox 0 0 3200 5509; ppageno 0'>
   <div class='ocr_carea' id='block_1_1' title="bbox 164 522 1293 602">
    <p class='ocr_par' dir='ltr' id='par_1_1' title="bbox 164 522 1293 602">
     <span class='ocr_line' id='line_1_1' title="bbox 164 522 1293 602; baseline 0.001 -11"><span class='ocrx_word' id='word_1_1' title='bbox 164 530 191 593; x_wconf 71' lang='lat' dir='ltr'>Jz</span> <span class='ocrx_word' id='word_1_2' title='bbox 203 532 239 589; x_wconf 91' lang='lat' dir='ltr'>C.</span> <span class='ocrx_word' id='word_1_3' title='bbox 252 534 301 589; x_wconf 76' lang='lat'>21.</span> <span class='ocrx_word' id='word_1_4' title='bbox 448 522 672 587; x_wconf 83' lang='lat' dir='ltr'><strong>ANNALIUM</strong></span> <span class='ocrx_word' id='word_1_5' title='bbox 693 522 814 587; x_wconf 74' lang='lat' dir='ltr'>LIBER</span> <span class='ocrx_word' id='word_1_6' title='bbox 830 524 1014 593; x_wconf 72' lang='lat' dir='ltr'>TERTIUS.</span> <span class='ocrx_word' id='word_1_7' title='bbox 1234 536 1293 602; x_wconf 69' lang='lat'>193</span> 
     </span>
    </p>
   </div>
   <div class='ocr_carea' id='block_1_2' title="bbox 163 690 1292 882">
    <p class='ocr_par' dir='ltr' id='par_1_2' title="bbox 163 690 1292 882">
     <span class='ocr_line' id='line_1_2' title="bbox 164 690 1292 795; baseline 0.004 -28"><span class='ocrx_word' id='word_1_8' title='bbox 164 694 189 741; x_wconf 73' lang='lat'>‘⁴</span> <span class='ocrx_word' id='word_1_9' title='bbox 205 692 312 793; x_wconf 71' lang='lat' dir='ltr'>quim</span> <span class='ocrx_word' id='word_1_10' title='bbox 330 692 461 765; x_wconf 76' lang='lat' dir='ltr'>&#39;decora</span> <span class='ocrx_word' id='word_1_11' title='bbox 481 690 663 765; x_wconf 74' lang='lat' dir='ltr'>victoribus</span> <span class='ocrx_word' id='word_1_12' title='bbox 691 692 849 786; x_wconf 78' lang='lat' dir='ltr'>libertas3</span> <span class='ocrx_word' id='word_1_13' title='bbox 876 715 1004 795; x_wconf 89' lang='lat' dir='ltr'>quanto</span> <span class='ocrx_word' id='word_1_14' title='bbox 1034 696 1292 771; x_wconf 79' lang='lat' dir='ltr'>intolerantior¹</span> 
     </span>
     <span class='ocr_line' id='line_1_3' title="bbox 163 806 625 882; baseline -0.006 0"><span class='ocrx_word' id='word_1_15' title='bbox 163 818 188 855; x_wconf 84' lang='lat'>“</span> <span class='ocrx_word' id='word_1_16' title='bbox 205 808 348 882; x_wconf 83' lang='lat' dir='ltr'>servitus</span> <span class='ocrx_word' id='word_1_17' title='bbox 356 808 479 880; x_wconf 87' lang='lat' dir='ltr'>iterum</span> <span class='ocrx_word' id='word_1_18' title='bbox 493 806 625 879; x_wconf 84' lang='lat' dir='ltr'>victis.”</span> 
     </span>
    </p>
   </div>
   <div class='ocr_carea' id='block_1_3' title="bbox 153 1050 1383 3419">
    <p class='ocr_par' dir='ltr' id='par_1_3' title="bbox 159 1050 1291 1947">
     <span class='ocr_line' id='line_1_4' title="bbox 212 1050 1288 1151; baseline -0.001 -26"><span class='ocrx_word' id='word_1_19' title='bbox 212 1062 271 1125; x_wconf 79' lang='lat'>46.</span> <span class='ocrx_word' id='word_1_20' title='bbox 294 1052 383 1125; x_wconf 80' lang='lat' dir='ltr'>Non</span> <span class='ocrx_word' id='word_1_21' title='bbox 400 1050 458 1124; x_wconf 90' lang='lat' dir='ltr'>diu</span> <span class='ocrx_word' id='word_1_22' title='bbox 471 1052 559 1140; x_wconf 86' lang='lat' dir='ltr'>haec,</span> <span class='ocrx_word' id='word_1_23' title='bbox 574 1076 637 1124; x_wconf 89' lang='lat' dir='ltr'>nec</span> <span class='ocrx_word' id='word_1_24' title='bbox 650 1054 740 1149; x_wconf 92' lang='lat' dir='ltr'>apud</span> <span class='ocrx_word' id='word_1_25' title='bbox 757 1053 874 1127; x_wconf 83' lang='lat' dir='ltr'>laetos:</span> <span class='ocrx_word' id='word_1_26' title='bbox 900 1054 1025 1127; x_wconf 83' lang='lat' dir='ltr'>etenim</span> <span class='ocrx_word' id='word_1_27' title='bbox 1041 1052 1288 1151; x_wconf 82' lang='lat' dir='ltr'>propinquabat</span> 
     </span>
     <span class='ocr_line' id='line_1_5' title="bbox 163 1164 1290 1265; baseline -0.001 -26"><span class='ocrx_word' id='word_1_28' title='bbox 163 1166 334 1264; x_wconf 86' lang='lat' dir='ltr'>legionum</span> <span class='ocrx_word' id='word_1_29' title='bbox 363 1165 469 1237; x_wconf 88' lang='lat' dir='ltr'>acies:</span> <span class='ocrx_word' id='word_1_30' title='bbox 511 1164 740 1262; x_wconf 86' lang='lat' dir='ltr'>inconditique</span> <span class='ocrx_word' id='word_1_31' title='bbox 766 1186 805 1238; x_wconf 82' lang='lat' dir='ltr'>ac</span> <span class='ocrx_word' id='word_1_32' title='bbox 838 1168 964 1241; x_wconf 80' lang='lat' dir='ltr'>militiae</span> <span class='ocrx_word' id='word_1_33' title='bbox 992 1169 1096 1241; x_wconf 91' lang='lat' dir='ltr'>nescii</span> <span class='ocrx_word' id='word_1_34' title='bbox 1117 1166 1290 1265; x_wconf 77' lang='lat' dir='ltr'>oppidani,</span> 
     </span>
     <span class='ocr_line' id='line_1_6' title="bbox 161 1278 1291 1383; baseline -0.001 -32"><span class='ocrx_word' id='word_1_35' title='bbox 161 1300 272 1383; x_wconf 84' lang='lat' dir='ltr'>neque</span> <span class='ocrx_word' id='word_1_36' title='bbox 299 1278 407 1351; x_wconf 90' lang='lat' dir='ltr'>oculis</span> <span class='ocrx_word' id='word_1_37' title='bbox 432 1302 543 1375; x_wconf 89' lang='lat' dir='ltr'>neque</span> <span class='ocrx_word' id='word_1_38' title='bbox 571 1279 707 1351; x_wconf 87' lang='lat' dir='ltr'>aunbus</span> <span class='ocrx_word' id='word_1_39' title='bbox 734 1280 812 1352; x_wconf 89' lang='lat' dir='ltr'>satis</span> <span class='ocrx_word' id='word_1_40' title='bbox 840 1284 1100 1377; x_wconf 88' lang='lat' dir='ltr'>competebant.¹</span> <span class='ocrx_word' id='word_1_41' title='bbox 1159 1284 1291 1354; x_wconf 79' lang='lat' dir='ltr'>Contra</span> 
     </span>
     <span class='ocr_line' id='line_1_7' title="bbox 159 1390 1290 1487; baseline -0.002 -20"><span class='ocrx_word' id='word_1_42' title='bbox 159 1392 275 1481; x_wconf 76' lang='lat' dir='ltr'>Silius,</span> <span class='ocrx_word' id='word_1_43' title='bbox 291 1393 351 1464; x_wconf 89' lang='lat' dir='ltr'>etsi</span> <span class='ocrx_word' id='word_1_44' title='bbox 367 1408 550 1487; x_wconf 73' lang='lat' dir='ltr'>prasumta</span> <span class='ocrx_word' id='word_1_45' title='bbox 565 1416 641 1487; x_wconf 89' lang='lat' dir='ltr'>spes</span> <span class='ocrx_word' id='word_1_46' title='bbox 657 1390 814 1463; x_wconf 88' lang='lat' dir='ltr'>hortandi</span> <span class='ocrx_word' id='word_1_47' title='bbox 830 1418 945 1466; x_wconf 80' lang='lat' dir='ltr'>causas</span> <span class='ocrx_word' id='word_1_48' title='bbox 969 1412 1154 1482; x_wconf 84' lang='lat' dir='ltr'>exemerat,</span> <span class='ocrx_word' id='word_1_49' title='bbox 1176 1390 1290 1465; x_wconf 78' lang='lat' dir='ltr'>clanii·</span> 
     </span>
     <span class='ocr_line' id='line_1_8' title="bbox 160 1506 1290 1603; baseline -0.001 -25"><span class='ocrx_word' id='word_1_50' title='bbox 160 1508 251 1578; x_wconf 86' lang='lat' dir='ltr'>tabat</span> <span class='ocrx_word' id='word_1_51' title='bbox 266 1522 399 1577; x_wconf 86' lang='lat' dir='ltr'>tamen:</span> <span class='ocrx_word' id='word_1_52' title='bbox 427 1512 452 1549; x_wconf 87' lang='lat'><strong>“</strong></span> <span class='ocrx_word' id='word_1_53' title='bbox 467 1506 672 1577; x_wconf 88' lang='lat' dir='ltr'>Pudendum</span> <span class='ocrx_word' id='word_1_54' title='bbox 690 1506 781 1601; x_wconf 89' lang='lat' dir='ltr'>ipsis,</span> <span class='ocrx_word' id='word_1_55' title='bbox 808 1507 903 1603; x_wconf 80' lang='lat' dir='ltr'>qudd</span> <span class='ocrx_word' id='word_1_56' title='bbox 933 1508 1196 1581; x_wconf 84' lang='lat' dir='ltr'>Germaniarum</span> <span class='ocrx_word' id='word_1_57' title='bbox 1220 1506 1290 1578; x_wconf 88' lang='lat' dir='ltr'>vic-</span> 
     </span>
     <span class='ocr_line' id='line_1_9' title="bbox 162 1618 1289 1718; baseline 0.003 -29"><span class='ocrx_word' id='word_1_58' title='bbox 162 1624 294 1691; x_wconf 82' lang='lat' dir='ltr'>“tores</span> <span class='ocrx_word' id='word_1_59' title='bbox 317 1618 499 1691; x_wconf 77' lang='lat' dir='ltr'>adversum</span> <span class='ocrx_word' id='word_1_60' title='bbox 529 1620 663 1708; x_wconf 84' lang='lat' dir='ltr'>Gallos,</span> <span class='ocrx_word' id='word_1_61' title='bbox 701 1638 874 1718; x_wconf 86' lang='lat' dir='ltr'>tamquam</span> <span class='ocrx_word' id='word_1_62' title='bbox 895 1622 931 1692; x_wconf 90' lang='lat' dir='ltr'>in</span> <span class='ocrx_word' id='word_1_63' title='bbox 955 1622 1100 1709; x_wconf 81' lang='lat' dir='ltr'>hostem,</span> <span class='ocrx_word' id='word_1_64' title='bbox 1124 1622 1289 1693; x_wconf 79' lang='lat' dir='ltr'>duceren-</span> 
     </span>
     <span class='ocr_line' id='line_1_10' title="bbox 160 1734 1287 1829; baseline -0.001 -25"><span class='ocrx_word' id='word_1_65' title='bbox 160 1736 188 1774; x_wconf 82' lang='lat'><strong>“</strong></span> <span class='ocrx_word' id='word_1_66' title='bbox 201 1748 279 1804; x_wconf 88' lang='lat' dir='ltr'>tur:</span> <span class='ocrx_word' id='word_1_67' title='bbox 317 1755 384 1804; x_wconf 91' lang='lat' dir='ltr'>una</span> <span class='ocrx_word' id='word_1_68' title='bbox 412 1756 521 1829; x_wconf 90' lang='lat' dir='ltr'>nuper</span> <span class='ocrx_word' id='word_1_69' title='bbox 548 1735 671 1807; x_wconf 85' lang='lat' dir='ltr'>cohors</span> <span class='ocrx_word' id='word_1_70' title='bbox 699 1735 863 1807; x_wconf 87' lang='lat' dir='ltr'>rebellem</span> <span class='ocrx_word' id='word_1_71' title='bbox 883 1736 1101 1823; x_wconf 73' lang='lat' dir='ltr'>Turonium,3</span> <span class='ocrx_word' id='word_1_72' title='bbox 1143 1758 1212 1806; x_wconf 86' lang='lat' dir='ltr'>una</span> <span class='ocrx_word' id='word_1_73' title='bbox 1233 1734 1287 1804; x_wconf 92' lang='lat' dir='ltr'>ala</span> 
     </span>
     <span class='ocr_line' id='line_1_11' title="bbox 159 1846 1288 1947; baseline -0.001 -30"><span class='ocrx_word' id='word_1_74' title='bbox 159 1850 185 1891; x_wconf 87' lang='lat'>“</span> <span class='ocrx_word' id='word_1_75' title='bbox 200 1846 404 1935; x_wconf 83' lang='lat' dir='ltr'>Treverurn,</span> <span class='ocrx_word' id='word_1_76' title='bbox 430 1869 547 1943; x_wconf 82' lang='lat' dir='ltr'>paucae</span> <span class='ocrx_word' id='word_1_77' title='bbox 563 1849 664 1947; x_wconf 86' lang='lat' dir='ltr'>hujus</span> <span class='ocrx_word' id='word_1_78' title='bbox 686 1849 788 1945; x_wconf 85' lang='lat' dir='ltr'>ipsius</span> <span class='ocrx_word' id='word_1_79' title='bbox 805 1849 976 1921; x_wconf 80' lang='lat' dir='ltr'>exercitiis</span> <span class='ocrx_word' id='word_1_80' title='bbox 991 1867 1114 1920; x_wconf 86' lang='lat' dir='ltr'>turmae</span> <span class='ocrx_word' id='word_1_81' title='bbox 1131 1846 1288 1945; x_wconf 83' lang='lat' dir='ltr'>profliga-</span> 
     </span>
    </p>

    <p class='ocr_par' dir='ltr' id='par_1_4' title="bbox 159 1960 1287 2059">
     <span class='ocr_line' id='line_1_12' title="bbox 159 1960 1287 2059; baseline -0.001 -28"><span class='ocrx_word' id='word_1_82' title='bbox 159 1966 186 2003; x_wconf 43' lang='lat'>“‘</span> <span class='ocrx_word' id='word_1_83' title='bbox 200 1984 280 2032; x_wconf 87' lang='lat' dir='ltr'>vere</span> <span class='ocrx_word' id='word_1_84' title='bbox 306 1962 505 2057; x_wconf 85' lang='lat' dir='ltr'>Sequanos:</span> <span class='ocrx_word' id='word_1_85' title='bbox 542 1978 668 2059; x_wconf 89' lang='lat' dir='ltr'>quanto</span> <span class='ocrx_word' id='word_1_86' title='bbox 696 1962 840 2059; x_wconf 68' lang='lat' dir='ltr'>pecunia</span> <span class='ocrx_word' id='word_1_87' title='bbox 872 1963 969 2051; x_wconf 90' lang='lat' dir='ltr'>dites,</span> <span class='ocrx_word' id='word_1_88' title='bbox 1003 1978 1037 2033; x_wconf 89' lang='lat' dir='ltr'>et</span> <span class='ocrx_word' id='word_1_89' title='bbox 1059 1960 1287 2055; x_wconf 78' lang='lat' dir='ltr'>voluptatibus</span> 
     </span>
    </p>

    <p class='ocr_par' dir='ltr' id='par_1_5' title="bbox 159 2070 1287 2173">
     <span class='ocr_line' id='line_1_13' title="bbox 159 2070 1287 2173; baseline 0 -29"><span class='ocrx_word' id='word_1_90' title='bbox 159 2078 183 2116; x_wconf 74' lang='lat'>‘⁸</span> <span class='ocrx_word' id='word_1_91' title='bbox 199 2074 392 2169; x_wconf 88' lang='lat' dir='ltr'>opulentos,</span> <span class='ocrx_word' id='word_1_92' title='bbox 413 2092 506 2145; x_wconf 88' lang='lat' dir='ltr'>tanto</span> <span class='ocrx_word' id='word_1_93' title='bbox 530 2076 636 2173; x_wconf 88' lang='lat' dir='ltr'>magis</span> <span class='ocrx_word' id='word_1_94' title='bbox 656 2076 809 2149; x_wconf 90' lang='lat' dir='ltr'>imbelles</span> <span class='ocrx_word' id='word_1_95' title='bbox 826 2075 973 2164; x_wconf 87' lang='lat' dir='ltr'>AEduos,</span> <span class='ocrx_word' id='word_1_96' title='bbox 995 2074 1149 2161; x_wconf 85' lang='lat' dir='ltr'>evincite,</span> <span class='ocrx_word' id='word_1_97' title='bbox 1173 2089 1207 2145; x_wconf 89' lang='lat' dir='ltr'>et</span> <span class='ocrx_word' id='word_1_98' title='bbox 1232 2070 1287 2144; x_wconf 86' lang='lat' dir='ltr'>tu-</span> 
     </span>
    </p>

    <p class='ocr_par' dir='ltr' id='par_1_6' title="bbox 153 2187 1383 2737">
     <span class='ocr_line' id='line_1_14' title="bbox 158 2187 1360 2287; baseline 0 -30"><span class='ocrx_word' id='word_1_99' title='bbox 158 2190 182 2229; x_wconf 86' lang='lat'><strong><em>“</em></strong></span> <span class='ocrx_word' id='word_1_100' title='bbox 199 2187 369 2284; x_wconf 77' lang='lat' dir='ltr'>gimnbus</span> <span class='ocrx_word' id='word_1_101' title='bbox 384 2188 585 2259; x_wconf 88' lang='lat' dir='ltr'>consulite.”</span> <span class='ocrx_word' id='word_1_102' title='bbox 636 2190 759 2287; x_wconf 88' lang='lat' dir='ltr'>Ingens</span> <span class='ocrx_word' id='word_1_103' title='bbox 774 2190 818 2261; x_wconf 94' lang='lat' dir='ltr'>ad</span> <span class='ocrx_word' id='word_1_104' title='bbox 844 2214 885 2260; x_wconf 89' lang='lat' dir='ltr'>ea</span> <span class='ocrx_word' id='word_1_105' title='bbox 908 2190 1057 2277; x_wconf 82' lang='lat' dir='ltr'>clamor3</span> <span class='ocrx_word' id='word_1_106' title='bbox 1084 2204 1118 2258; x_wconf 90' lang='lat' dir='ltr'>et</span> <span class='ocrx_word' id='word_1_107' title='bbox 1143 2187 1286 2258; x_wconf 89' lang='lat' dir='ltr'>circum-</span> <span class='ocrx_word' id='word_1_108' title='bbox 1356 2273 1360 2282; x_wconf 29' lang='grc' dir='ltr'><strong><em>Ι</em></strong></span> 
     </span>
     <span class='ocr_line' id='line_1_15' title="bbox 155 2296 1286 2397; baseline -0.001 -26"><span class='ocrx_word' id='word_1_109' title='bbox 155 2297 246 2372; x_wconf 85' lang='lat' dir='ltr'>fudit</span> <span class='ocrx_word' id='word_1_110' title='bbox 271 2323 396 2395; x_wconf 87' lang='lat' dir='ltr'>eques;</span> <span class='ocrx_word' id='word_1_111' title='bbox 423 2296 638 2397; x_wconf 83' lang='lat' dir='ltr'>frontemque</span> <span class='ocrx_word' id='word_1_112' title='bbox 659 2303 788 2397; x_wconf 83' lang='lat' dir='ltr'>pedites</span> <span class='ocrx_word' id='word_1_113' title='bbox 809 2303 981 2374; x_wconf 85' lang='lat' dir='ltr'>invasere:</span> <span class='ocrx_word' id='word_1_114' title='bbox 1006 2326 1070 2373; x_wconf 87' lang='lat' dir='ltr'>nec</span> <span class='ocrx_word' id='word_1_115' title='bbox 1090 2314 1286 2372; x_wconf 87' lang='lat' dir='ltr'>cunctatum</span> 
     </span>
     <span class='ocr_line' id='line_1_16' title="bbox 154 2412 1286 2513; baseline -0.003 -28"><span class='ocrx_word' id='word_1_116' title='bbox 154 2412 249 2509; x_wconf 89' lang='lat' dir='ltr'>apud</span> <span class='ocrx_word' id='word_1_117' title='bbox 266 2412 391 2513; x_wconf 61' lang='lat' dir='ltr'>lateras</span> <span class='ocrx_word' id='word_1_118' title='bbox 415 2412 555 2513; x_wconf 91' lang='lat' dir='ltr'>paulum</span> <span class='ocrx_word' id='word_1_119' title='bbox 577 2438 684 2486; x_wconf 82' lang='lat' dir='ltr'>morae</span> <span class='ocrx_word' id='word_1_120' title='bbox 701 2414 843 2487; x_wconf 90' lang='lat' dir='ltr'>attulere</span> <span class='ocrx_word' id='word_1_121' title='bbox 866 2413 994 2503; x_wconf 84' lang='lat' dir='ltr'>ferrati,</span> <span class='ocrx_word' id='word_1_122' title='bbox 1018 2412 1219 2485; x_wconf 77' lang='lat' dir='ltr'>restantibus</span> <span class='ocrx_word' id='word_1_123' title='bbox 1239 2412 1286 2482; x_wconf 91' lang='lat' dir='ltr'>la·</span> 
     </span>
     <span class='ocr_line' id='line_1_17' title="bbox 153 2510 1383 2624; baseline -0.001 -28"><span class='ocrx_word' id='word_1_124' title='bbox 153 2524 254 2615; x_wconf 84' lang='lat' dir='ltr'>minis</span> <span class='ocrx_word' id='word_1_125' title='bbox 268 2524 452 2597; x_wconf 75' lang='lat' dir='ltr'>adversum</span> <span class='ocrx_word' id='word_1_126' title='bbox 468 2524 536 2619; x_wconf 90' lang='lat' dir='ltr'>pila</span> <span class='ocrx_word' id='word_1_127' title='bbox 560 2542 594 2609; x_wconf 80' lang='lat' dir='ltr'>et</span> <span class='ocrx_word' id='word_1_128' title='bbox 618 2510 769 2624; x_wconf 70' lang='lat' dir='ltr'>gladios:</span> <span class='ocrx_word' id='word_1_129' title='bbox 795 2528 855 2599; x_wconf 90' lang='lat' dir='ltr'>sed</span> <span class='ocrx_word' id='word_1_130' title='bbox 880 2526 989 2615; x_wconf 90' lang='lat' dir='ltr'>miles,</span> <span class='ocrx_word' id='word_1_131' title='bbox 1011 2518 1174 2620; x_wconf 86' lang='lat' dir='ltr'>correptis</span> <span class='ocrx_word' id='word_1_132' title='bbox 1190 2548 1285 2596; x_wconf 89' lang='lat' dir='ltr'>secu-</span> <span class='ocrx_word' id='word_1_133' title='bbox 1377 2572 1383 2583; x_wconf 81' lang='lat'><em>·</em></span> 
     </span>
     <span class='ocr_line' id='line_1_18' title="bbox 154 2637 1284 2737; baseline -0.002 -27"><span class='ocrx_word' id='word_1_134' title='bbox 154 2639 248 2713; x_wconf 82' lang='lat' dir='ltr'>ribus</span> <span class='ocrx_word' id='word_1_135' title='bbox 263 2655 297 2711; x_wconf 91' lang='lat' dir='ltr'>et</span> <span class='ocrx_word' id='word_1_136' title='bbox 313 2637 471 2725; x_wconf 89' lang='lat' dir='ltr'>dolabris,</span> <span class='ocrx_word' id='word_1_137' title='bbox 484 2654 522 2709; x_wconf 89' lang='lat' dir='ltr'>ut</span> <span class='ocrx_word' id='word_1_138' title='bbox 537 2638 565 2711; x_wconf 91' lang='lat' dir='ltr'>si</span> <span class='ocrx_word' id='word_1_139' title='bbox 580 2664 718 2711; x_wconf 90' lang='lat' dir='ltr'>murum</span> <span class='ocrx_word' id='word_1_140' title='bbox 731 2656 977 2737; x_wconf 85' lang='lat' dir='ltr'>perrumperet,</span> <span class='ocrx_word' id='word_1_141' title='bbox 994 2639 1126 2712; x_wconf 85' lang='lat' dir='ltr'>caedere</span> <span class='ocrx_word' id='word_1_142' title='bbox 1134 2638 1284 2735; x_wconf 87' lang='lat' dir='ltr'>tegmina</span> 
     </span>
    </p>

    <p class='ocr_par' dir='ltr' id='par_1_7' title="bbox 154 2750 1341 3419">
     <span class='ocr_line' id='line_1_19' title="bbox 155 2750 1341 2849; baseline -0.003 -25"><span class='ocrx_word' id='word_1_143' title='bbox 155 2768 189 2824; x_wconf 88' lang='lat' dir='ltr'>et</span> <span class='ocrx_word' id='word_1_144' title='bbox 210 2774 374 2848; x_wconf 76' lang='lat' dir='ltr'>corporat</span> <span class='ocrx_word' id='word_1_145' title='bbox 401 2752 539 2849; x_wconf 91' lang='lat' dir='ltr'>quidam</span> <span class='ocrx_word' id='word_1_146' title='bbox 562 2752 742 2827; x_wconf 81' lang='lat' dir='ltr'>trudibus⁴</span> <span class='ocrx_word' id='word_1_147' title='bbox 764 2770 823 2827; x_wconf 90' lang='lat' dir='ltr'>aut</span> <span class='ocrx_word' id='word_1_148' title='bbox 850 2752 968 2842; x_wconf 83' lang='lat' dir='ltr'>furcis,</span> <span class='ocrx_word' id='word_1_149' title='bbox 992 2752 1134 2824; x_wconf 88' lang='lat' dir='ltr'>inertem</span> <span class='ocrx_word' id='word_1_150' title='bbox 1155 2750 1286 2822; x_wconf 79' lang='lat' dir='ltr'>molent</span> <span class='ocrx_word' id='word_1_151' title='bbox 1338 2764 1341 2769; x_wconf 82' lang='grc'><em>“</em></span> 
     </span>
     <span class='ocr_line' id='line_1_20' title="bbox 156 2862 1284 2965; baseline -0.004 -26"><span class='ocrx_word' id='word_1_152' title='bbox 156 2882 392 2961; x_wconf 77' lang='lat' dir='ltr'>prosternere3</span> <span class='ocrx_word' id='word_1_153' title='bbox 414 2869 629 2965; x_wconf 85' lang='lat' dir='ltr'>jacentesque</span> <span class='ocrx_word' id='word_1_154' title='bbox 641 2868 738 2941; x_wconf 93' lang='lat' dir='ltr'>nullo</span> <span class='ocrx_word' id='word_1_155' title='bbox 759 2869 802 2939; x_wconf 88' lang='lat' dir='ltr'>ad</span> <span class='ocrx_word' id='word_1_156' title='bbox 814 2868 1061 2965; x_wconf 83' lang='lat' dir='ltr'>resurgendum</span> <span class='ocrx_word' id='word_1_157' title='bbox 1083 2864 1172 2951; x_wconf 90' lang='lat' dir='ltr'>nisu,</span> <span class='ocrx_word' id='word_1_158' title='bbox 1188 2862 1284 2960; x_wconf 88' lang='lat' dir='ltr'>quasi</span> 
     </span>
     <span class='ocr_line' id='line_1_21' title="bbox 155 2977 1284 3077; baseline -0.004 -26"><span class='ocrx_word' id='word_1_159' title='bbox 155 2980 327 3051; x_wconf 87' lang='lat' dir='ltr'>exanimes</span> <span class='ocrx_word' id='word_1_160' title='bbox 351 2979 597 3075; x_wconf 89' lang='lat' dir='ltr'>linquebantur.</span> <span class='ocrx_word' id='word_1_161' title='bbox 657 2982 814 3055; x_wconf 85' lang='lat' dir='ltr'>Sacrovir</span> <span class='ocrx_word' id='word_1_162' title='bbox 840 2981 953 3077; x_wconf 83' lang='lat' dir='ltr'>prlmb</span> <span class='ocrx_word' id='word_1_163' title='bbox 977 2977 1284 3076; x_wconf 82' lang='lat' dir='ltr'>Augustodunum,</span> 
     </span>
     <span class='ocr_line' id='line_1_22' title="bbox 154 3088 1283 3191; baseline -0.004 -27"><span class='ocrx_word' id='word_1_164' title='bbox 154 3094 230 3165; x_wconf 90' lang='lat' dir='ltr'>dein</span> <span class='ocrx_word' id='word_1_165' title='bbox 245 3108 340 3166; x_wconf 85' lang='lat' dir='ltr'>metu</span> <span class='ocrx_word' id='word_1_166' title='bbox 354 3093 528 3166; x_wconf 88' lang='lat' dir='ltr'>deditionis</span> <span class='ocrx_word' id='word_1_167' title='bbox 549 3094 585 3167; x_wconf 92' lang='lat' dir='ltr'>in</span> <span class='ocrx_word' id='word_1_168' title='bbox 600 3093 714 3167; x_wconf 80' lang='lat' dir='ltr'>villam</span> <span class='ocrx_word' id='word_1_169' title='bbox 736 3094 984 3191; x_wconf 80' lang='lat' dir='ltr'>propinquam5</span> <span class='ocrx_word' id='word_1_170' title='bbox 1009 3115 1089 3165; x_wconf 90' lang='lat' dir='ltr'>cum</span> <span class='ocrx_word' id='word_1_171' title='bbox 1114 3088 1283 3161; x_wconf 85' lang='lat' dir='ltr'>fidissimis</span> 
     </span>
     <span class='ocr_line' id='line_1_23' title="bbox 154 3201 1281 3307; baseline -0.007 -28"><span class='ocrx_word' id='word_1_172' title='bbox 154 3208 272 3306; x_wconf 83' lang='lat' dir='ltr'>pergit.</span> <span class='ocrx_word' id='word_1_173' title='bbox 323 3208 393 3281; x_wconf 92' lang='lat' dir='ltr'>Illic</span> <span class='ocrx_word' id='word_1_174' title='bbox 413 3207 475 3280; x_wconf 77' lang='lat' dir='ltr'>suit</span> <span class='ocrx_word' id='word_1_175' title='bbox 491 3232 607 3297; x_wconf 86' lang='lat' dir='ltr'>manu,</span> <span class='ocrx_word' id='word_1_176' title='bbox 620 3210 740 3307; x_wconf 90' lang='lat' dir='ltr'>reliqui</span> <span class='ocrx_word' id='word_1_177' title='bbox 752 3208 879 3281; x_wconf 87' lang='lat' dir='ltr'>mutuis</span> <span class='ocrx_word' id='word_1_178' title='bbox 893 3207 1014 3279; x_wconf 91' lang='lat' dir='ltr'>ictibus</span> <span class='ocrx_word' id='word_1_179' title='bbox 1028 3203 1205 3276; x_wconf 87' lang='lat' dir='ltr'>occidere:</span> <span class='ocrx_word' id='word_1_180' title='bbox 1231 3201 1281 3271; x_wconf 84' lang='lat' dir='ltr'>in·</span> 
     </span>
     <span class='ocr_line' id='line_1_24' title="bbox 154 3316 792 3419; baseline 0.002 -25"><span class='ocrx_word' id='word_1_181' title='bbox 154 3345 250 3395; x_wconf 88' lang='lat' dir='ltr'>censa</span> <span class='ocrx_word' id='word_1_182' title='bbox 265 3344 369 3419; x_wconf 85' lang='lat' dir='ltr'>super</span> <span class='ocrx_word' id='word_1_183' title='bbox 380 3322 471 3411; x_wconf 86' lang='lat' dir='ltr'>villa,</span> <span class='ocrx_word' id='word_1_184' title='bbox 487 3346 606 3395; x_wconf 87' lang='lat' dir='ltr'>ornnes</span> <span class='ocrx_word' id='word_1_185' title='bbox 620 3316 792 3397; x_wconf 77' lang='lat' dir='ltr'>cremavit.</span> 
     </span>
    </p>
   </div>
   <div class='ocr_carea' id='block_1_4' title="bbox 152 3538 1279 3760">
    <p class='ocr_par' dir='ltr' id='par_1_8' title="bbox 152 3538 1279 3760">
     <span class='ocr_line' id='line_1_25' title="bbox 198 3538 1279 3641; baseline -0.007 -21"><span class='ocrx_word' id='word_1_186' title='bbox 198 3554 258 3627; x_wconf 77' lang='lat'>47.</span> <span class='ocrx_word' id='word_1_187' title='bbox 285 3550 378 3620; x_wconf 85' lang='lat' dir='ltr'>Tun</span> <span class='ocrx_word' id='word_1_188' title='bbox 402 3549 541 3620; x_wconf 90' lang='lat' dir='ltr'>demum</span> <span class='ocrx_word' id='word_1_189' title='bbox 569 3548 726 3621; x_wconf 87' lang='lat' dir='ltr'>Tiberius</span> <span class='ocrx_word' id='word_1_190' title='bbox 752 3565 867 3620; x_wconf 91' lang='lat' dir='ltr'>ortum</span> <span class='ocrx_word' id='word_1_191' title='bbox 890 3560 1127 3641; x_wconf 88' lang='lat' dir='ltr'>patratumque</span> <span class='ocrx_word' id='word_1_192' title='bbox 1149 3538 1279 3613; x_wconf 82' lang='lat' dir='ltr'>bellum</span> 
     </span>
     <span class='ocr_line' id='line_1_26' title="bbox 152 3653 1278 3760; baseline -0.005 -25"><span class='ocrx_word' id='word_1_193' title='bbox 152 3662 279 3735; x_wconf 81' lang='lat' dir='ltr'>senatui</span> <span class='ocrx_word' id='word_1_194' title='bbox 311 3660 463 3757; x_wconf 85' lang='lat' dir='ltr'>scripsit:</span> <span class='ocrx_word' id='word_1_195' title='bbox 501 3686 613 3760; x_wconf 91' lang='lat' dir='ltr'>neque</span> <span class='ocrx_word' id='word_1_196' title='bbox 641 3663 775 3751; x_wconf 85' lang='lat' dir='ltr'>demsit,</span> <span class='ocrx_word' id='word_1_197' title='bbox 815 3679 874 3735; x_wconf 87' lang='lat' dir='ltr'>aut</span> <span class='ocrx_word' id='word_1_198' title='bbox 910 3658 1038 3733; x_wconf 87' lang='lat' dir='ltr'>addidit</span> <span class='ocrx_word' id='word_1_199' title='bbox 1069 3680 1176 3745; x_wconf 60' lang='grc' dir='ltr'><em>γεῖος</em></span> <span class='ocrx_word' id='word_1_200' title='bbox 1218 3653 1278 3729; x_wconf 85' lang='lat' dir='ltr'>sed</span> 
     </span>
    </p>
   </div>
   <div class='ocr_carea' id='block_1_5' title="bbox 152 3900 1311 4688">
    <p class='ocr_par' dir='ltr' id='par_1_9' title="bbox 152 3900 1311 4688">
     <span class='ocr_line' id='line_1_27' title="bbox 192 3900 970 3983; baseline -0.006 -22"><span class='ocrx_word' id='word_1_201' title='bbox 192 3900 201 3927; x_wconf 92' lang='lat'><em>¹</em></span> <span class='ocrx_word' id='word_1_202' title='bbox 218 3900 331 3969; x_wconf 83' lang='lat' dir='ltr'>Quanto</span> <span class='ocrx_word' id='word_1_203' title='bbox 345 3902 546 3961; x_wconf 73' lang='lat' dir='ltr'>intolerantior.</span> <span class='ocrx_word' id='word_1_204' title='bbox 572 3905 688 3974; x_wconf 82' lang='lat' dir='ltr'>Quanto</span> <span class='ocrx_word' id='word_1_205' title='bbox 742 3900 800 3983; x_wconf 86' lang='lat' dir='ltr'>gutl</span> <span class='ocrx_word' id='word_1_206' title='bbox 813 3911 970 3977; x_wconf 81' lang='lat' dir='ltr'>competere.</span> 
     </span>
     <span class='ocr_line' id='line_1_28' title="bbox 156 3970 1277 4059; baseline -0.004 -23"><span class='ocrx_word' id='word_1_207' title='bbox 156 3978 367 4039; x_wconf 80' lang='lat' dir='ltr'>intolerabilior.</span> <span class='ocrx_word' id='word_1_208' title='bbox 420 3982 464 4038; x_wconf 88' lang='lat' dir='ltr'>lta</span> <span class='ocrx_word' id='word_1_209' title='bbox 490 4002 603 4059; x_wconf 86' lang='lat' dir='ltr'>quoque</span> <span class='ocrx_word' id='word_1_210' title='bbox 629 3986 689 4045; x_wconf 79' lang='lat' dir='ltr'>Lae·</span> <span class='ocrx_word' id='word_1_211' title='bbox 783 3977 957 4038; x_wconf 74' lang='lat' dir='ltr'>³Rebellem</span> <span class='ocrx_word' id='word_1_212' title='bbox 979 3976 1138 4034; x_wconf 79' lang='lat' dir='ltr'>Turonium.</span> <span class='ocrx_word' id='word_1_213' title='bbox 1178 3970 1277 4047; x_wconf 71' lang='lat' dir='ltr'>Potius</span> 
     </span>
     <span class='ocr_line' id='line_1_29' title="bbox 152 4059 1251 4137; baseline -0.005 -23"><span class='ocrx_word' id='word_1_214' title='bbox 152 4059 211 4117; x_wconf 85' lang='lat' dir='ltr'>vius</span> <span class='ocrx_word' id='word_1_215' title='bbox 222 4062 340 4137; x_wconf 84' lang='lat' dir='ltr'>quidam</span> <span class='ocrx_word' id='word_1_216' title='bbox 353 4072 436 4137; x_wconf 82' lang='lat' dir='ltr'>poeta</span> <span class='ocrx_word' id='word_1_217' title='bbox 457 4061 533 4136; x_wconf 85' lang='lat' dir='ltr'>apud</span> <span class='ocrx_word' id='word_1_218' title='bbox 548 4064 684 4133; x_wconf 88' lang='lat' dir='ltr'>Gellium,</span> <span class='ocrx_word' id='word_1_219' title='bbox 743 4059 933 4137; x_wconf 82' lang='lat' dir='ltr'>Andegoourn,</span> <span class='ocrx_word' id='word_1_220' title='bbox 947 4071 980 4115; x_wconf 88' lang='lat' dir='ltr'>ut</span> <span class='ocrx_word' id='word_1_221' title='bbox 992 4066 1068 4132; x_wconf 80' lang='lat' dir='ltr'>putet</span> <span class='ocrx_word' id='word_1_222' title='bbox 1081 4074 1116 4109; x_wconf 84' lang='lat' dir='ltr'>ux</span> <span class='ocrx_word' id='word_1_223' title='bbox 1130 4070 1193 4129; x_wconf 83' lang='lat' dir='ltr'>cap.</span> <span class='ocrx_word' id='word_1_224' title='bbox 1202 4060 1251 4109; x_wconf 84' lang='lat'>41.</span> 
     </span>
     <span class='ocr_line' id='line_1_30' title="bbox 155 4131 1277 4209; baseline -0.005 -16"><span class='ocrx_word' id='word_1_225' title='bbox 155 4155 223 4197; x_wconf 78' lang='lat' dir='ltr'>xlx.</span> <span class='ocrx_word' id='word_1_226' title='bbox 238 4146 267 4205; x_wconf 83' lang='lat'>7.</span> <span class='ocrx_word' id='word_1_227' title='bbox 290 4139 365 4197; x_wconf 83' lang='lat' dir='ltr'>dixit</span> <span class='ocrx_word' id='word_1_228' title='bbox 383 4140 456 4199; x_wconf 75' lang='lat' dir='ltr'>curis</span> <span class='ocrx_word' id='word_1_229' title='bbox 476 4140 686 4201; x_wconf 81' lang='lat' dir='ltr'>intolerantilur</span> <span class='ocrx_word' id='word_1_230' title='bbox 781 4135 796 4170; x_wconf 81' lang='lat'><strong>⁴</strong></span> <span class='ocrx_word' id='word_1_231' title='bbox 817 4138 963 4195; x_wconf 80' lang='lat' dir='ltr'>Trudibnt.</span> <span class='ocrx_word' id='word_1_232' title='bbox 1003 4131 1124 4202; x_wconf 73' lang='lat' dir='ltr'>Tru‘lcs,</span> <span class='ocrx_word' id='word_1_233' title='bbox 1145 4132 1233 4209; x_wconf 77' lang='lat' dir='ltr'>Argi.</span> <span class='ocrx_word' id='word_1_234' title='bbox 1258 4151 1277 4187; x_wconf 82' lang='lat' dir='ltr'>a</span> 
     </span>
     <span class='ocr_line' id='line_1_31' title="bbox 153 4212 1277 4291; baseline -0.005 -18"><span class='ocrx_word' id='word_1_235' title='bbox 153 4234 202 4291; x_wconf 87' lang='lat' dir='ltr'>pro</span> <span class='ocrx_word' id='word_1_236' title='bbox 211 4218 400 4277; x_wconf 81' lang='lat' dir='ltr'>intolerandis.</span> <span class='ocrx_word' id='word_1_237' title='bbox 741 4218 825 4275; x_wconf 82' lang='lat' dir='ltr'>lever.</span> <span class='ocrx_word' id='word_1_238' title='bbox 863 4215 1008 4273; x_wconf 85' lang='lat' dir='ltr'>Trudibus</span> <span class='ocrx_word' id='word_1_239' title='bbox 1030 4213 1126 4288; x_wconf 82' lang='lat' dir='ltr'>ligneis</span> <span class='ocrx_word' id='word_1_240' title='bbox 1150 4212 1277 4267; x_wconf 71' lang='lat' dir='ltr'>lutreiste</span> 
     </span>
     <span class='ocr_line' id='line_1_32' title="bbox 193 4290 1276 4373; baseline -0.008 -20"><span class='ocrx_word' id='word_1_241' title='bbox 193 4292 500 4373; x_wconf 83' lang='lat' dir='ltr'>²Sutircornpetcbant.</span> <span class='ocrx_word' id='word_1_242' title='bbox 533 4295 566 4354; x_wconf 92' lang='lat' dir='ltr'>ln</span> <span class='ocrx_word' id='word_1_243' title='bbox 577 4294 632 4354; x_wconf 75' lang='lat' dir='ltr'>hac</span> <span class='ocrx_word' id='word_1_244' title='bbox 645 4316 683 4367; x_wconf 86' lang='lat' dir='ltr'>re,</span> <span class='ocrx_word' id='word_1_245' title='bbox 741 4296 776 4353; x_wconf 86' lang='lat' dir='ltr'>ad</span> <span class='ocrx_word' id='word_1_246' title='bbox 813 4294 1002 4372; x_wconf 81' lang='lat' dir='ltr'>protrudenda</span> <span class='ocrx_word' id='word_1_247' title='bbox 1035 4312 1068 4350; x_wconf 80' lang='lat' dir='ltr'>ac</span> <span class='ocrx_word' id='word_1_248' title='bbox 1106 4290 1276 4348; x_wconf 77' lang='lat' dir='ltr'>sublevanda</span> 
     </span>
     <span class='ocr_line' id='line_1_33' title="bbox 154 4374 965 4451; baseline 0 -21"><span class='ocrx_word' id='word_1_249' title='bbox 154 4386 185 4431; x_wconf 89' lang='lat' dir='ltr'>ut</span> <span class='ocrx_word' id='word_1_250' title='bbox 208 4374 237 4433; x_wconf 87' lang='lat' dir='ltr'>in</span> <span class='ocrx_word' id='word_1_251' title='bbox 254 4375 392 4451; x_wconf 85' lang='lat' dir='ltr'>plurimis,</span> <span class='ocrx_word' id='word_1_252' title='bbox 412 4375 536 4433; x_wconf 87' lang='lat' dir='ltr'>imitatus</span> <span class='ocrx_word' id='word_1_253' title='bbox 557 4388 597 4433; x_wconf 86' lang='lat' dir='ltr'>est</span> <span class='ocrx_word' id='word_1_254' title='bbox 623 4376 684 4433; x_wconf 86' lang='lat' dir='ltr'>Sul·</span> <span class='ocrx_word' id='word_1_255' title='bbox 741 4395 826 4431; x_wconf 88' lang='lat' dir='ltr'>onera</span> <span class='ocrx_word' id='word_1_256' title='bbox 839 4375 965 4431; x_wconf 60' lang='lat' dir='ltr'>utimum</span> 
     </span>
     <span class='ocr_line' id='line_1_34' title="bbox 152 4448 1275 4531; baseline -0.004 -22"><span class='ocrx_word' id='word_1_257' title='bbox 152 4452 277 4529; x_wconf 88' lang='lat' dir='ltr'>lustium,</span> <span class='ocrx_word' id='word_1_258' title='bbox 302 4454 381 4531; x_wconf 83' lang='lat' dir='ltr'>Frag.</span> <span class='ocrx_word' id='word_1_259' title='bbox 409 4454 482 4513; x_wconf 85' lang='lat' dir='ltr'>Hist.</span> <span class='ocrx_word' id='word_1_260' title='bbox 501 4456 551 4513; x_wconf 92' lang='lat' dir='ltr'>lib.</span> <span class='ocrx_word' id='word_1_261' title='bbox 570 4464 595 4512; x_wconf 91' lang='lat' dir='ltr'>l.</span> <span class='ocrx_word' id='word_1_262' title='bbox 636 4455 683 4513; x_wconf 74' lang='lat' dir='ltr'>stc</span> <span class='ocrx_word' id='word_1_263' title='bbox 779 4450 954 4511; x_wconf 80' lang='lat' dir='ltr'>&#39;Innillorn</span> <span class='ocrx_word' id='word_1_264' title='bbox 972 4449 1162 4527; x_wconf 80' lang='lat' dir='ltr'>propinquam.</span> <span class='ocrx_word' id='word_1_265' title='bbox 1203 4448 1275 4505; x_wconf 84' lang='lat' dir='ltr'>llaec</span> 
     </span>
     <span class='ocr_line' id='line_1_35' title="bbox 153 4527 1275 4612; baseline -0.007 -20"><span class='ocrx_word' id='word_1_266' title='bbox 153 4530 615 4612; x_wconf 68' lang='lat' dir='ltr'>verlqnansomndineattonitu,</span> <span class='ocrx_word' id='word_1_267' title='bbox 639 4554 685 4592; x_wconf 83' lang='lat' dir='ltr'>ne·</span> <span class='ocrx_word' id='word_1_268' title='bbox 741 4533 808 4590; x_wconf 76' lang='lat' dir='ltr'>tilla</span> <span class='ocrx_word' id='word_1_269' title='bbox 833 4551 908 4589; x_wconf 90' lang='lat' dir='ltr'>nunc</span> <span class='ocrx_word' id='word_1_270' title='bbox 931 4530 1037 4591; x_wconf 82' lang='lat' dir='ltr'>dicitur</span> <span class='ocrx_word' id='word_1_271' title='bbox 1061 4527 1179 4596; x_wconf 83' lang='lat' dir='ltr'>Sarvnn,</span> <span class='ocrx_word' id='word_1_272' title='bbox 1207 4537 1275 4584; x_wconf 84' lang='lat' dir='ltr'>teste</span> 
     </span>
     <span class='ocr_line' id='line_1_36' title="bbox 153 4606 1311 4688; baseline -0.007 -19"><span class='ocrx_word' id='word_1_273' title='bbox 153 4626 202 4685; x_wconf 79' lang='lat' dir='ltr'>qne</span> <span class='ocrx_word' id='word_1_274' title='bbox 214 4610 310 4685; x_wconf 81' lang='lat' dir='ltr'>urimo,</span> <span class='ocrx_word' id='word_1_275' title='bbox 331 4632 415 4688; x_wconf 82' lang='lat' dir='ltr'>neque</span> <span class='ocrx_word' id='word_1_276' title='bbox 426 4614 547 4686; x_wconf 82' lang='lat' dir='ltr'>nuribus,</span> <span class='ocrx_word' id='word_1_277' title='bbox 568 4622 616 4673; x_wconf 80' lang='lat' dir='ltr'>aut</span> <span class='ocrx_word' id='word_1_278' title='bbox 631 4612 683 4671; x_wconf 86' lang='lat' dir='ltr'>Iin-</span> <span class='ocrx_word' id='word_1_279' title='bbox 740 4612 901 4681; x_wconf 84' lang='lat' dir='ltr'>Londoneo,</span> <span class='ocrx_word' id='word_1_280' title='bbox 936 4609 1033 4687; x_wconf 85' lang='lat' dir='ltr'>Antiq.</span> <span class='ocrx_word' id='word_1_281' title='bbox 1061 4606 1219 4664; x_wconf 77' lang='lat' dir='ltr'>AEduorum</span> <span class='ocrx_word' id='word_1_282' title='bbox 1244 4624 1274 4681; x_wconf 91' lang='lat' dir='ltr'>p.</span> <span class='ocrx_word' id='word_1_283' title='bbox 1307 4674 1311 4681; x_wconf 27' lang='grc' dir='ltr'>Ι</span> 
     </span>
    </p>
   </div>
   <div class='ocr_carea' id='block_1_6' title="bbox 0 0 1604 5509">
    <p class='ocr_par' dir='ltr' id='par_1_10' title="bbox 0 0 1604 5509">
     <span class='ocr_line' id='line_1_37' title="bbox 0 0 1604 5509; baseline 0 3"><span class='ocrx_word' id='word_1_284' title='bbox 0 0 1604 5509; x_wconf 95' lang='lat' dir='ltr'> </span> 
     </span>
    </p>
   </div>
  </div>
 </body>
</html>
