3200 5509
457 194 517 259 aar
771 184 893 243 nora
916 182 965 242 er
986 184 1318 248 nununrrrouns
1384 241 1387 245 .
1419 228 1423 237 .

459 338 574 408 Partm
588 334 794 422 probabiliter.
841 334 957 399 Melior
975 349 1022 400 est
1036 352 1121 402 vetus
1137 340 1303 424 scriptura3
1324 363 1448 429 eamque
1459 349 1555 431 egregit

457 448 548 513 animi
562 448 723 531 sagacitate
737 445 916 509 divinaverat
932 444 1044 510 lllustr.
1062 446 1204 512 Huetiua.

500 556 636 625 Mutiliae
666 555 790 619 Prisca.
849 555 992 619 Publiam
1023 557 1171 627 Priscam,
1189 576 1337 637 memorat
1374 562 1447 641 Dio,
1475 586 1561 630 ariri.

456 693 489 756 p.
502 670 576 732 623.
590 667 642 730 sed
657 665 771 728 diversa
784 665 911 743 videtur,
934 665 1007 730 licdt
1025 669 1162 731 eamdem
1176 692 1241 733 esse
1254 671 1464 738 existimaverit
1476 674 1564 740 Frein-

455 777 594 843 chesnius.

496 995 584 1062 Car.
611 1004 659 1060 13.
683 991 821 1078 AEgiensi
844 990 929 1075 apud
950 989 1114 1056 Achaiam.
1158 993 1195 1057 In
1222 994 1299 1060 MS.
1323 997 1407 1061 Flor.
1431 998 1562 1085 AEgtui.

454 1106 544 1172 Unde
560 1103 727 1171 Beroaldus
742 1100 852 1185 aliique
866 1113 978 1193 veteres
994 1101 1123 1180 edidere,
1140 1104 1309 1189 AEgincnsi.
1352 1111 1398 1172 At
1418 1109 1484 1172 cum
1497 1110 1565 1175 nulla

453 1213 492 1281 sit
505 1215 577 1279 urbs
593 1213 705 1298 AEgina
727 1213 757 1275 in
779 1209 907 1289 Achaiai,
932 1205 1093 1275 Rhenanus
1112 1211 1221 1299 aliique
1235 1214 1357 1299 plurimi
1376 1221 1567 1297 emendarere,

456 1323 621 1412 AEgirensi.
665 1322 780 1387 Melius
795 1321 988 1397 recentiores,
1005 1321 1153 1407 AEgieusi.

500 1435 551 1499 Ob
571 1435 762 1499 atrocitatem
784 1453 911 1495 marrim.
955 1429 993 1493 ln
1008 1431 1157 1496 veteribus
1171 1433 1363 1512 editionibus,
1384 1437 1424 1500 ob
1438 1438 1557 1502 atracita

453 1552 512 1612 tem
523 1555 699 1629 temporum.
744 1540 830 1604 Beue
846 1539 1036 1618 recentiores,
1050 1541 1087 1604 ob
1102 1544 1291 1606 atrocitatem
1303 1567 1433 1609 marum.

497 1653 655 1720 Carsidius
680 1651 835 1717 Sacerdos.
879 1649 956 1715 MS.
981 1650 1064 1714 Flos.
1086 1665 1117 1714 et
1138 1653 1284 1718 editiones
1306 1668 1433 1735 veteres,
1459 1655 1569 1721 Canius

454 1763 609 1831 Sacerdos.
654 1762 754 1828 Recte
769 1759 1104 1839 emendavitErnestus,
1122 1759 1279 1828 Carsidius
1295 1762 1454 1830 Sacerdos.
1495 1763 1570 1831 Idem

453 1875 533 1941 eninr
556 1885 612 1954 est,
637 1871 689 1959 qui
710 1871 787 1939 infra
812 1869 921 1934 Annal.
938 1891 985 1932 vr.
999 1879 1052 1935 48.
1075 1870 1240 1937 Garridias
1257 1872 1404 1939 Sacerdos
1425 1897 1570 1960 perperam

365 2068 369 2074 λ
452 1986 571 2053 dicitur.
624 1981 760 2069 chque,
787 1979 945 2057 Sacerdos,
973 2002 1143 2062 cognomen
1171 1995 1226 2060 eat,
1250 2005 1311 2047 non
1334 1983 1407 2048 iero
1433 1984 1571 2069 dignitatis

453 2093 628 2181 appellatio.
649 2092 728 2157 Vide
738 2103 768 2155 et
782 2103 913 2154 veterem
924 2087 1055 2173 lapidem
1070 2093 1150 2175 apud
1166 2089 1343 2174 Gruterum,
1358 2117 1390 2180 p.
1403 2098 1478 2167 767.
1491 2119 1519 2160 n.
1530 2105 1570 2160 10.

495 2308 584 2373 Cir.
610 2315 658 2373 15.
683 2305 821 2371 Lucilius
838 2305 971 2391 Longus.
1015 2302 1064 2368 Its
1084 2305 1160 2370 MS.
1175 2306 1260 2373 Flor.
1282 2319 1313 2372 et
1334 2329 1422 2385 mox,
1444 2306 1571 2373 Lucilius

455 2416 579 2502 Capito,
593 2432 627 2481 ut
641 2419 730 2481 docet
743 2417 813 2482 Jac.
829 2414 1012 2480 Gronovius.
1046 2415 1211 2499 Perpetem
1227 2414 1396 2482 Beroaldus
1412 2431 1445 2482 et
1459 2432 1571 2495 veteres,

455 2526 607 2594 Lucilliaas
623 2526 764 2613 Longus·
775 2560 784 2581 ·
796 2560 806 2580 ·
817 2523 987 2589 oLucillius
1005 2523 1128 2615 Capito.

496 2739 584 2804 Car.
611 2739 659 2803 16.
684 2734 896 2825 Corffarreatis
924 2739 1113 2824 parentibus.
1159 2739 1416 2806 Coufameationis
1448 2741 1572 2807 cerimo-

453 2851 516 2916 nias
537 2846 655 2934 egregie
678 2847 826 2913 illustrant
848 2862 990 2932 excerpta
1010 2849 1027 2912 ὲ
1050 2849 1157 2914 Servio
1180 2849 1256 2914 MS.
1275 2850 1305 2913 in
1331 2873 1354 2914 r.
1369 2851 1519 2936 Georgic.
1540 2853 1572 2913 ab

451 2961 568 3027 erudito
597 2958 692 3023 Petro
717 2957 840 3046 Pithoeo
866 2958 994 3037 laudata,
1018 2959 1049 3021 in
1077 2958 1291 3042 Mosaycarum
1316 2974 1346 3023 et
1374 2960 1571 3026 Romanamm

450 3050 552 3155 legum
572 3066 744 3145 collatione,
757 3068 823 3132 Tit.
840 3089 914 3131 xvi.
937 3069 1086 3132 “Tribus
1108 3068 1204 3131 modis
1226 3071 1308 3152 apud
1330 3082 1448 3136 veteres
1468 3070 1570 3156 nuptia

449 3179 579 3260 fiebant3
600 3202 667 3256 usu,
682 3177 706 3242 si
722 3178 804 3241 verbi
824 3178 930 3260 gratil,
951 3177 1058 3242 mulier
1073 3201 1151 3243 anno
1167 3202 1226 3242 uno
1241 3202 1312 3242 cum
1327 3180 1404 3261 viro,
1428 3181 1500 3248 licet
1516 3183 1570 3245 sinc

448 3288 567 3373 legibus
588 3288 710 3352 fuisset:
734 3290 820 3367 farre,
841 3289 911 3351 clm
933 3288 1188 3373 per.pontificem
1214 3288 1379 3353 maximum
1403 3303 1436 3355 et
1459 3290 1570 3356 Dialem

449 3399 612 3478 flaminem,
622 3422 675 3484 per
685 3401 785 3483 fruges
793 3411 824 3461 et
833 3398 945 3461 molam
960 3397 1068 3462 salsam
1082 3399 1353 3483 conjungebantur,
1368 3402 1451 3464 unde
1464 3403 1571 3465 confar-

449 3510 543 3577 reatio
553 3508 734 3594 appellatur,
745 3533 781 3572 ex
798 3509 906 3594 quibus
922 3507 1041 3591 patrimi
1054 3522 1085 3571 et
1098 3506 1229 3571 matrimi
1243 3510 1475 3576 nascebantur.''
1494 3511 1568 3574 Idem

449 3620 569 3707 Servius
583 3620 614 3683 in
627 3639 673 3708 iv.
689 3618 810 3682 AEneid.
826 3625 846 3655 “
863 3617 996 3701 Quoque
1011 3617 1108 3680 omnis
1122 3616 1179 3681 iste
1193 3641 1260 3682 mos
1274 3619 1453 3686 coemtionis
1464 3635 1494 3684 et
1504 3621 1568 3684 citra

446 3729 575 3793 nominis
588 3727 843 3811 nuncupationem
859 3726 937 3790 dotis
951 3729 1030 3790 datae
1047 3726 1197 3797 taxatione
1216 3729 1420 3812 expediretur,
1443 3754 1509 3817 quae
1529 3751 1567 3793 rer

446 3831 612 3902 inmanurn
626 3837 784 3900 conventio
799 3836 919 3914 dicitur,
934 3836 1097 3922 subjunxit.

681 4003 856 4084 Datalesquc
869 4011 930 4063 tuce
942 4003 1043 4081 Tyrios
1051 4007 1217 4081 permittere
1230 4005 1351 4066 destrae.

488 4159 573 4232 Quid
586 4173 630 4225 est
644 4161 723 4228 eninr
741 4164 824 4228 aliud
845 4166 971 4246 dextrae,
989 4162 1080 4251 quim
1102 4165 1133 4229 in
1155 4189 1279 4233 manum
1295 4165 1476 4231 convenire?
1497 4165 1564 4238 Qut
