3200 5509
160 580 190 640 J.
203 583 240 640 C.
252 587 303 640 28.
440 579 666 639 ANNALIUM
687 579 807 640 LIBER
828 581 1028 652 QUARTUS.
1241 587 1296 650 291

161 734 345 833 ‹titgeunz
370 732 416 807 εὸ
439 733 570 832 argrino
593 733 736 828 accepit,
759 734 891 808 recludi
916 761 995 833 quac
1020 749 1211 832 premeret:
1238 736 1299 808 sed

161 847 327 948 mitigavit
342 849 497 946 Sejanus,
521 869 593 920 non
609 847 704 920 Galli
719 871 850 936 amore,
873 851 998 922 verium
1015 866 1053 921 ut
1070 848 1301 922 cunctationes

162 962 328 1058 Principis
351 963 609 1059 aperirentur:¹
633 985 760 1058 parus
784 962 916 1035 lentum
939 963 975 1035 in
995 963 1212 1051 meditando,
1241 961 1300 1034 ubi

161 1076 384 1173 prorupisset,
408 1075 558 1150 tristibus
581 1075 678 1150 dictis
703 1076 829 1150 anocia
852 1075 941 1150 facta
965 1081 1182 1176 conjungere.
1232 1075 1301 1150 Per

163 1191 258 1264 idem
271 1208 406 1287 tempus
421 1191 510 1266 Julia
530 1207 677 1262 mortem
695 1191 791 1279 obiit,
817 1215 921 1287 quam
944 1208 1081 1287 neptem
1106 1195 1301 1288 Augustus,

163 1304 353 1378 convictam
367 1305 549 1393 adulterii?
572 1305 803 1393 damnaverat,
817 1308 1073 1404 proieceratque
1093 1303 1129 1375 in
1153 1303 1299 1376 ittsulam

161 1419 381 1508 Trimetum,³
398 1420 491 1493 haud
506 1420 627 1517 procui
644 1420 769 1517 Apulis
789 1420 969 1494 littomhus.
1020 1417 1091 1490 lllic
1108 1417 1226 1514 viginti
1242 1439 1300 1488 an·

161 1531 216 1604 nis
231 1532 373 1606 exihum
382 1533 551 1621 toleravit,
561 1538 730 1632 Augustae
745 1511 812 1630 ope
823 1549 1027 1608 sustentata:
1046 1555 1124 1629 quae
1141 1529 1302 1604 florentes

161 1645 361 1744 privignos⁴
385 1646 470 1719 cum
498 1671 562 1744 per
585 1647 761 1720 occultum
780 1646 1010 1736 subvertisset,
1035 1643 1301 1718 misericordiam

162 1785 248 1859 erga
261 1760 416 1836 adflictos
429 1761 542 1858 palam
557 1764 756 1836 ostentabat.

212 1981 273 2052 ta
296 1975 437 2049 Εοιιιιι
454 1999 545 2050 anno
562 1976 685 2067 triste
706 1977 972 2052 transrhenanus
994 1972 1155 2072 populus,
1180 1995 1301 2068 pacem

161 2086 306 2176 exuite,
325 2089 442 2162 nostri
468 2090 577 2187 magis
600 2090 750 2180 avaritii,
774 2091 881 2188 quim
906 2090 1058 2187 obsequii
1079 2087 1312 2184 impatientes·

160 2201 350 2276 Tnhututn
364 2202 406 2276 iis
426 2198 588 2276 Drusus⁶
610 2208 754 2302 jusserat
779 2205 967 2292 modicum,
992 2229 1056 2300 pro
1071 2199 1226 2300 augustii
1252 2223 1305 2270 re·

159 2339 256 2404 rum,
280 2323 305 2358 ‘⁴
322 2334 360 2389 nt
374 2316 411 2390 in
427 2341 510 2390 uisne
520 2317 694 2406 militares,
709 2319 802 2390 coria
817 2321 946 2390 bonm⁷
968 2319 1155 2415 penderent
1166 2316 1204 2387 :”
1229 2335 1302 2391 ιιοιι

158 2427 292 2502 intents
306 2434 508 2527 cujusquam
523 2431 621 2521 curi,
637 2459 716 2529 quae
731 2433 922 2522 firmitudo,
937 2457 1016 2530 quae
1033 2453 1213 2516 mensura,
1240 2428 1302 2498 do·

159 2563 228 2615 nec
246 2543 427 2633 Olennius,
451 2543 777 2644 &primipilaribus'
801 2547 960 2644 regendis
977 2545 1091 2619 Frisiis
1111 2540 1302 2640 impositus,

159 2662 301 2756 “terga
317 2661 487 2732 urorum''
498 2666 513 2708 ⁹
526 2662 667 2760 delegit,
678 2685 828 2760 quorum
840 2663 883 2736 ad
896 2659 1043 2734 formam
1056 2657 1300 2755 acciperentur.

160 2769 205 2842 ld
221 2771 293 2845 attis
307 2797 448 2872 quoque
462 2775 655 2850 nationibus
669 2779 831 2866 arduum,
852 2777 944 2874 apud
969 2778 1176 2850 Germanos
1186 2767 1302 2842 diffici-

204 2977 433 3059 'Aperirentum
467 2987 633 3066 Numquam
647 3000 704 3049 tec·
798 2989 978 3048 ⁴Florentrs
991 2987 1145 3064 privignos.
1178 2979 1302 3058 Auium

162 3056 220 3118 tior
237 3061 378 3134 Tiberius,
399 3063 488 3142 quiunt
509 3070 576 3125 cum
597 3069 705 3128 divina·
759 3081 883 3148 nepotes,
908 3068 1022 3138 Caium,
1046 3065 1181 3136 Lucium,
1203 3061 1304 3118 Postu·

161 3139 395 3234 tionistitnidur.
436 3144 536 3222 Itaque
561 3149 703 3223 aegerrime
759 3169 839 3240 mum
866 3147 1033 3226 Agrippam,
1055 3146 1205 3222 ipsumque
1230 3141 1302 3197 Ger·

159 3220 704 3381 ...¹..1’
798 3305 928 3364 s

129 3390 135 3402 ·
162 3379 242 3452 qnod
263 3377 383 3438 Gallum
407 3394 524 3452 amaret,
547 3383 645 3444 verhtn
671 3399 704 3446 ut
760 3386 893 3443 Rhenum
918 3385 990 3442 inter
1015 3393 1043 3440 et
1064 3379 1201 3439 Amisiam
1221 3373 1302 3432 habi·

159 3459 356 3517 cunctationes
386 3457 494 3520 Tiberii
518 3465 701 3541 uperireutur.
759 3467 867 3526 tabant.

160 3535 291 3605 Quidam
325 3539 476 3598 emendant
500 3544 704 3620 opperirentur,
797 3537 811 3570 ⁶
846 3544 967 3602 Drusus.
1018 3536 1183 3600 Gennanici
1211 3543 1301 3614 pater·

160 3614 222 3687 etit,
245 3627 274 3674 et
306 3617 422 3692 quidem
454 3620 575 3692 felicius,
596 3615 703 3700 opperi-
758 3623 833 3680 Vide
845 3633 925 3681 stem.
935 3623 1007 3680 Caes.
1022 3641 1050 3678 n.
1062 3625 1110 3689 79.

159 3701 252 3753 retur.
298 3695 380 3754 Nihil
406 3707 501 3756 tumen
525 3702 703 3775 mutaverim,
797 3697 1018 3760 'coriatam
1046 3701 1160 3768 Quibus
1174 3691 1303 3753 abundat

159 3773 240 3850 quod
266 3793 321 3833 non
346 3778 510 3850 absurdum,
535 3780 622 3838 immo
648 3782 704 3841 cle-
758 3781 844 3858 regio,
864 3791 933 3839 teate
954 3780 1097 3839 Bucherio
1118 3774 1196 3852 Betg.
1216 3774 1301 3832 Rom·

159 3853 477 3932 gamsitnperirentur.
517 3857 660 3920 Videnot.
674 3873 703 3920 et
760 3880 805 3919 tv.
826 3867 855 3920 3.
1083 3903 1084 3906 =
1184 3923 1186 3928 ,

158 3932 316 3992 emended
327 3933 435 3993 Annal.
447 3951 491 3994 tv.
506 3943 554 4001 71.
798 3935 1101 4015 'Eprimipiioriiua
1143 3932 1302 3992 Eccnturi·

208 4008 222 4036 ²
242 4009 402 4071 Convictnru
416 4015 557 4074 adulterii.
572 4017 648 4076 Cum
662 4019 702 4078 D.
758 4019 862 4077 ontibus
884 4017 1044 4096 primarum
1063 4015 1235 4084 cohortium,
1252 4031 1303 4070 seu

160 4089 312 4161 Silanum
324 4092 485 4154 dictumest
496 4114 583 4174 supra
595 4098 702 4158 Annnl.
758 4099 870 4176 primus
896 4094 1012 4174 legionis
1037 4093 1175 4154 centurio.
1226 4091 1302 4149 vide

160 4187 215 4228 ιιι.
225 4177 278 4230 2⁴.
760 4193 826 4252 qnae
846 4173 1009 4234 dictasunt
1028 4193 1115 4254 supra
1135 4173 1241 4234 Annni.
1263 4189 1303 4232 ιι.

201 4244 399 4309 ³1uimtam
414 4250 574 4313 Temnum.
607 4253 701 4314 Unum
764 4263 810 4312 ιι.

158 4327 474 4400 ὲῦἰοιιιοάοἰιὶιιιιιΙίι,
494 4351 570 4392 nunc
587 4336 634 4394 tlte
653 4337 703 4395 ieie
800 4329 942 4413 'Terga
967 4353 1089 4392 urorum.
1143 4331 1205 4400 Uri,
1231 4349 1303 4407 ques

158 4407 198 4486 ff
230 4406 371 4492 Trernitti,
410 4413 439 4468 iu
477 4409 523 4469 tic
559 4414 703 4474 Adriatic.
764 4413 900 4472 Germani
917 4411 1304 4492 Urochrenappellnnt,teate

158 4487 349 4546 Scribendutn
378 4488 539 4562 Trinaciam,
559 4511 615 4550 non
636 4497 703 4555 verti
763 4492 957 4564 Aidocrantlo,
980 4493 1101 4562 Quadru
1123 4493 1167 4550 ed.
1192 4491 1302 4550 Bisuie.

159 4565 324 4638 Trimerum,
335 4578 367 4626 ut
376 4569 581 4629 rectiohuervat
592 4572 703 4634 illustr.
763 4572 816 4631 lib.
830 4589 853 4630 1.
872 4590 936 4650 cap.
950 4579 980 4633 2.
997 4591 1025 4650 p.
1045 4577 1084 4632 ut
1108 4612 1115 4626 .
1135 4575 1219 4630 boves
1236 4583 1303 4630 aunt

158 4645 334 4717 Pellicerins,
378 4649 478 4707 ueteris
511 4651 703 4731 Geographiae
765 4663 894 4728 agrestes,
913 4651 949 4708 de
970 4651 1074 4728 quihus
1095 4651 1212 4720 Plinius,
1229 4667 1304 4710 vnt.

148 4725 276 4790 §ciendi
289 4726 496 4790 celeberrimus.
767 4737 815 4790 15.
830 4729 1004 4791 Contcrmine
1015 4729 1140 4810 Scythias
1153 4728 1304 4790 Germana
