3200 5509
321 494 384 551 sss.
620 490 744 551 norm
764 491 815 549 nv
835 466 1168 551 nnnvnnno'nss

316 651 393 725 part
407 638 449 726 qs
464 636 594 720 Burrio,
608 640 640 705 in
652 641 799 705 ditionem
815 641 995 707 Nicomedis
1009 642 1168 709 concessit.
1206 640 1373 719 Pausanias,
1384 642 1439 710 loc.

323 751 375 815 cit.
391 749 503 833 Polyb.
519 749 606 815 Libr.
625 773 673 815 rv.
687 774 720 836 p.
732 754 808 817 436.
854 751 969 831 Livius,
986 774 1152 825 xxxvut.
1171 752 1219 817 16.

365 861 505 927 Victores
529 861 625 941 Galli,
652 876 684 927 et
710 864 748 926 de
778 861 951 927 Nicomede
977 862 1094 947 optimi
1121 862 1231 941 meriti,
1262 862 1388 948 proiecti
1412 884 1446 925 ex

323 970 468 1057 Bithynii
488 972 520 1037 in
541 973 649 1039 Asiam
672 986 892 1056 processerunt.
947 972 1017 1037 Nec
1041 972 1110 1058 plus
1134 996 1171 1037 ex
1196 971 1300 1056 viginti
1323 972 1449 1037 millibus

321 1082 490 1161 hominum,
512 1081 606 1169 qudm
625 1085 732 1148 decem
754 1082 848 1146 millia
862 1096 977 1148 amrata
991 1098 1095 1163 eraut;
1117 1098 1217 1148 tamen
1232 1095 1450 1149 tanmm'terro-

322 1194 362 1259 ris
373 1195 524 1274 omnibus,
535 1218 603 1281 quer
616 1194 660 1259 cis
673 1194 812 1259 Taurum
827 1210 963 1261 montem
978 1194 1123 1275 mculunt,
1132 1192 1271 1277 gentibus
1281 1194 1450 1278 injecerunt,

322 1320 357 1372 ut
370 1332 445 1393 quas
458 1306 600 1385 adissent,
622 1328 757 1391 quasque
770 1328 832 1371 uon
847 1306 988 1383 adissent,
1010 1305 1181 1390 pariterque
1201 1304 1316 1369 ultime
1334 1302 1452 1388 propin-

321 1417 389 1504 quis
403 1417 532 1502 imperio
546 1429 696 1501 parerent.
741 1414 834 1480 Nova
853 1436 959 1479 eorum
978 1414 1145 1480 dominatio
1163 1416 1200 1479 de
1215 1436 1322 1479 eorum
1337 1412 1453 1477 nomine

322 1526 535 1612 Gallogrecia,
555 1526 713 1592 Galatiave
733 1537 906 1610 nuncupata
919 1545 974 1589 est.
1028 1525 1279 1611 vectigalemque
1293 1524 1402 1589 Asiam
1416 1524 1454 1589 ita

321 1638 398 1703 inter
411 1662 444 1705 se
456 1637 593 1716 divisere,
614 1650 648 1701 ut
662 1636 806 1701 Trocmis
829 1634 1026 1719 Hellesponti
1039 1658 1092 1701 ora
1107 1638 1175 1700 data
1195 1636 1244 1713 sit,
1269 1634 1455 1702 Tolistoboii

321 1748 447 1818 AEolida
468 1761 559 1833 atque
579 1745 709 1825 Ioniam,
727 1746 914 1829 Tectosages
934 1745 1148 1813 mediterranea
1169 1746 1251 1811 Asiae
1271 1746 1370 1811 sortiti
1387 1746 1455 1824 sint,

321 1870 353 1923 et
365 1856 547 1943 stipendium
561 1857 627 1921 toti
641 1856 685 1921 cis
698 1856 835 1921 Taurum
856 1856 944 1936 Asia,
967 1856 1109 1935 Natalia,
1129 1856 1300 1941 exigebant.
1344 1858 1454 1923 Sedem

321 1982 422 2033 autem
436 1967 495 2053 ipsi
508 1968 589 2031 circa
603 1966 708 2049 Halyn
720 1966 844 2043 flumen,
861 1964 947 2029 Kisil
961 1965 1092 2043 Ermok,
1107 1982 1273 2051 ceperunt:
1296 1983 1455 2054 tantusque

321 2091 417 2144 terror
435 2102 542 2143 eorum
554 2075 685 2143 nominis
698 2089 771 2155 erat,
795 2075 986 2141 multitudine
999 2076 1090 2141 etiam
1104 2079 1215 2161 magna
1233 2079 1341 2145 sobole
1354 2080 1454 2157 aucta,

321 2205 356 2257 ut
370 2191 464 2279 Syrie
474 2211 607 2274 quoque
629 2188 668 2250 ad
681 2201 869 2272 postremum
888 2210 973 2271 reges
988 2186 1171 2272 stipendium
1184 2191 1254 2253 dare
1268 2212 1330 2255 non
1343 2194 1455 2255 abnue-

320 2316 403 2367 rent.
439 2298 542 2365 Immo
557 2299 607 2363 ita
624 2320 717 2383 penes
736 2296 845 2362 Gallos
865 2297 922 2361 luit
940 2297 970 2361 in
990 2297 1117 2363 Oriente
1133 2299 1204 2365 belli
1219 2303 1363 2387 pacisque
1378 2302 1455 2367 arbi·

242 2428 247 2438 ’
321 2414 422 2492 trium,
442 2423 485 2491 ut,
499 2411 571 2475 cbm
590 2432 695 2473 eorum
711 2411 855 2495 juventus
869 2405 962 2493 qudm
977 2408 1116 2475 maxime
1130 2412 1333 2483 fecunditatis
1347 2412 1455 2479 Asiam

321 2545 444 2589 omnem
457 2519 539 2584 velut
551 2518 689 2583 examine
702 2518 807 2604 aliquo
820 2506 1099 2606 implessemque
1113 2542 1198 2604 reges
1213 2521 1356 2602 Orientis,
1381 2538 1455 2589 teste

321 2632 456 2715 Justino,
475 2630 538 2695 sine
560 2628 745 2693 mercenario
769 2628 931 2693 Gallorum
952 2628 1086 2695 exercitu
1105 2628 1166 2694 nlla
1189 2630 1269 2695 bella
1288 2634 1453 2715 gesserint:

320 2765 418 2829 neque
438 2740 518 2834 pulsi
540 2762 633 2823 regno
654 2742 693 2803 ad
714 2738 789 2803 alios
812 2736 903 2825 quim
927 2740 964 2803 ad
987 2738 1317 2824 Gallosconfugeriut.
1361 2742 1452 2829 Isque

321 2866 386 2921 erat
399 2866 495 2926 terror
509 2848 623 2930 Gallici
636 2849 776 2929 nourinis,
801 2860 833 2912 et
852 2872 1005 2913 armorum
1025 2850 1138 2917 invicta
1157 2850 1294 2931 felicitas,
1317 2866 1351 2919 ut
1369 2854 1452 2919 aliter
1549 2844 1550 2847 Ἴ

321 2984 420 3049 neque
437 2962 624 3047 majestatem
639 2982 724 3023 suam
737 2971 845 3037 tutam,
859 2982 957 3045 neque
970 2960 1110 3025 amissam
1125 2984 1304 3046 recuperare
1316 2987 1350 3027 se
1363 2988 1451 3049 posse

321 3072 384 3139 siue
397 3070 519 3137 Gallici
527 3072 636 3134 virtute
647 3070 869 3146 arbitrarentur.
891 3069 1006 3149 Livius,
1018 3071 1079 3137 loc.
1091 3070 1142 3135 cit.
1160 3072 1182 3138 J
1186 3073 1311 3153 ustinus,
1324 3096 1412 3139 xxv.
1421 3085 1449 3143 2.

364 3182 452 3273 Quot
465 3180 641 3268 quantisque
655 3177 762 3265 posted
775 3179 807 3259 in
822 3178 909 3258 Asia,
935 3180 966 3245 in
981 3180 1121 3265 Europa,
1144 3181 1277 3247 victoriis
1290 3197 1380 3269 atque
1394 3184 1450 3249 cla·

321 3290 562 3369 dibuseaercita
583 3289 672 3365 fuerit
694 3290 785 3358 virtus
809 3289 940 3369 Gallica,
964 3314 1039 3375 quas
1064 3314 1156 3356 novas
1181 3305 1275 3359 terras
1294 3295 1449 3379 quaesierit,

321 3402 478 3491 quomodb
500 3424 571 3470 cum
591 3399 729 3479 Hiberis,
752 3400 803 3464 tlte
817 3412 939 3479 western
950 3400 1081 3489 porttff
1098 3400 1174 3469 Nem
1191 3403 1332 3484 Castillc,
1356 3406 1420 3471 und
1430 3430 1447 3471 a

318 3494 409 3601 great
418 3521 495 3597 part
509 3509 550 3597 qs
564 3510 708 3599 Aragon,
723 3510 893 3575 fortissimis
909 3510 1068 3597 Hispania
1083 3512 1217 3599 populis,
1227 3534 1321 3595 arma,
1332 3537 1447 3595 nomen,

319 3621 555 3709 sanguinemque
568 3620 735 3701 sociaverit,
750 3636 895 3707 quantum
910 3621 1080 3692 inclaruerit
1095 3624 1320 3691 Celtiberorum
1334 3650 1447 3705 nomen,

319 3756 388 3819 quae
403 3731 512 3797 luerint
526 3730 690 3795 Gallorum
705 3754 777 3813 cum
798 3731 960 3812 Britannis,
985 3756 1056 3811 cum
1077 3733 1240 3811 Germania
1261 3738 1447 3815 commercia,

318 3827 449 3927 prodere
468 3840 649 3910 immensum
667 3843 757 3921 leret,
780 3856 812 3906 et
826 3854 935 3909 nostra
950 3842 1164 3911 dissertationis
1178 3845 1252 3911 fines
1265 3844 1355 3931 longi
1369 3870 1447 3932 egre-
1548 3860 1549 3905 t

318 3938 448 4017 deretur.
493 3953 538 4018 At
552 3952 623 4019 satis
636 3952 675 4016 sit
688 3966 803 4016 veteres
819 3951 979 4017 Gallorum
994 3952 1105 4037 glorias
1119 3954 1301 4041 indigitbsse
1340 3957 1446 4023 Verum

320 4064 404 4147 quod
422 4062 452 4125 in
474 4062 599 4149 antiqua
617 4061 759 4127 Historia
780 4062 971 4135 utilissimum
985 4078 1041 4142 est,
1063 4066 1101 4131 ed
1119 4066 1317 4145 recentiorem
1338 4090 1445 4132 memo·

319 4170 395 4235 riam
414 4172 547 4237 animum
566 4170 765 4252 revolvamus,
787 4187 819 4238 et
832 4174 863 4239 in
878 4172 966 4241 tantis
981 4197 1079 4239 rernm
1094 4174 1327 4263 seculorumque
1341 4176 1444 4243 vicissi-

319 4279 472 4365 tudinibus
490 4282 632 4345 eumdem
651 4282 683 4347 in
703 4281 804 4349 Gallis
824 4282 959 4350 animum
978 4306 1239 4369 recognoscamus.
1282 4286 1359 4353 Inde
1378 4288 1444 4353 irre·

319 4391 429 4491 quieta
443 4389 495 4455 illa
515 4390 620 4456 Caroli
642 4392 754 4479 Magni
772 4394 876 4471 virtus,
896 4417 963 4479 quae
980 4408 1026 4461 tot
1044 4395 1131 4461 bellis
1151 4396 1353 4483 periculisque
1371 4411 1444 4463 msa

318 4514 441 4591 tamque
455 4501 605 4589 disjuncta
618 4515 764 4575 terrarum
778 4502 876 4591 spatia
889 4503 1067 4581 nobilitavit.
1097 4505 1173 4575 lude
1187 4505 1275 4573 tantis
1290 4506 1442 4579 Gallomm
