3200 5509
177 491 209 554 J.
219 493 254 552 C.
266 498 313 560 19.
445 487 670 548 ANNALIUM
693 487 813 546 LIBER
834 487 1058 548 SECUNDUS.
1261 493 1317 547 145

180 654 206 690 ‘⁴
222 642 414 741 acceperit?
440 642 719 738 Relinquendum
736 643 836 714 etiam
862 641 1057 714 rumonbus
1081 657 1229 738 tempus,
1246 667 1318 738 quo

180 769 206 804 ‘⁴
223 775 415 834 senescant:
433 758 635 853 plerumque
647 755 857 844 innocentes,
867 756 994 828 recenti
1010 756 1143 828 invidiae
1158 757 1315 852 impares.

180 883 206 918 “
224 879 275 946 At
292 875 318 946 si
331 887 441 946 teneat
452 871 655 958 exercitum,
670 889 792 969 augeat
808 871 909 957 vires,
922 872 1044 958 multa,
1058 897 1137 967 qure
1146 871 1317 966 provideri

182 997 208 1030 “
226 987 451 1082 nonpossint,
480 983 621 1058 fortuito
647 985 683 1056 in
709 985 831 1056 melius
857 1009 985 1056 casura.
1036 991 1097 1056 An
1122 983 1317 1056 festinamus

183 1111 209 1146 “
223 1127 305 1174 cum
323 1099 520 1172 Germanici
546 1098 714 1172 cineribus
739 1099 924 1194 adpellere,
950 1117 987 1170 ut
1008 1117 1042 1172 te
1069 1101 1258 1173 inauditum
1285 1117 1319 1172 et

183 1212 438 1286 “indefensum
464 1214 619 1308 planctus
648 1213 862 1309 Agrippinae,
888 1239 927 1284 ac
957 1214 1082 1310 vulgus
1108 1215 1317 1310 imperitum,

181 1337 207 1372 “
224 1328 335 1425 primo
351 1353 491 1400 rumore
508 1328 659 1424 rapiant?
684 1331 745 1400 Est
771 1329 830 1400 tibi
852 1333 1020 1426 Augustae
1036 1329 1253 1417 conscientia,
1269 1345 1319 1400 cst

108 1533 112 1546 ι
182 1437 209 1486 ‘³
228 1443 371 1518 Caesaris
387 1441 496 1530 favor,
513 1443 572 1514 sed
598 1443 634 1514 in
660 1443 818 1516 occulto:
845 1461 878 1514 et
904 1442 1043 1538 periisse
1068 1444 1318 1514 Germanicum

184 1566 210 1601 “
226 1557 499 1656 nullijactantitis
515 1575 676 1645 moerent,
693 1559 799 1654 quim
815 1557 875 1652 qui
890 1556 1039 1628 maxime
1057 1557 1252 1628 laetantur.''

232 1793 290 1864 78.
317 1789 436 1858 Hnun
470 1785 595 1886 magnit
624 1786 736 1857 mole‘
770 1785 862 1873 Piso,
888 1804 1044 1881 promtus
1071 1783 1255 1874 ferocibus,
1282 1785 1319 1855 in

179 1901 380 1974 senteutiam
406 1901 570 1974 trahitur:
599 1900 774 1996 missisque
790 1901 833 1972 ad
855 1900 1033 1972 Tiberium
1049 1897 1209 1994 epistolis,
1224 1899 1319 1970 incu-

179 2033 232 2088 sat
259 2023 283 2059 “
302 2015 549 2090 Germanicum
566 2016 673 2088 luxus
699 2033 731 2086 et
757 2015 925 2110 superbiae
937 2045 948 2104 ;
975 2039 1079 2110 seque
1105 2015 1256 2109 pulsum,
1281 2029 1320 2084 ut

179 2137 207 2174 “
225 2131 321 2202 locus
337 2132 440 2202 rebus
457 2129 553 2200 novis
569 2131 755 2224 patefieret,
773 2153 891 2199 curam
913 2129 1098 2224 exercitiis,
1114 2128 1235 2200 eidem
1251 2127 1321 2198 fide

180 2252 209 2287 “
226 2243 466 2340 quitenuerit,
488 2243 717 2338 repetivisse.”
770 2243 880 2314 Simul
906 2243 1099 2314 Domitium
1125 2242 1321 2336 impositum

180 2357 313 2429 triremi
330 2357 475 2428 “vitare
498 2357 650 2428 littorum
667 2381 776 2445 oram,
799 2373 992 2452 praeterque
1011 2355 1137 2426 insulas
1153 2354 1220 2426 lato
1236 2355 1320 2424 mari

182 2479 210 2514 “
226 2494 371 2568 pergere
386 2469 421 2540 in
451 2469 608 2567 Syriam”
627 2472 748 2566 jubet:
775 2487 1018 2542 concurrentes
1043 2471 1235 2542 desertores
1259 2494 1322 2566 per

178 2584 374 2679 manipulos
390 2583 576 2678 componit,
590 2601 700 2654 armat
710 2583 808 2671 lixas,
820 2584 1077 2682 trajectisquein
1091 2583 1320 2656 continentem
1336 2669 1341 2682 .

177 2699 323 2774 navibus
348 2697 513 2770 vexillum
542 2698 714 2769 tironum²
740 2700 775 2770 in
805 2700 938 2796 Syriam
967 2699 1120 2770 euntium
1141 2697 1319 2792 intercipit.

179 2813 327 2910 Regulis
345 2813 492 2884 Cilicum
509 2820 535 2854 ‘⁶
551 2830 588 2884 ut
600 2837 636 2884 se
652 2814 784 2886 auxiliis
797 2815 980 2911 juvarent'’
997 2813 1134 2900 scribit3
1161 2813 1254 2885 haud
1270 2811 1320 2907 ig-

149 3001 152 3008 ,
178 2951 268 3000 navo
285 2927 329 2998 ad
345 2927 526 2998 ministeria
542 2928 622 2999 belli
647 2931 773 3026 juvene
797 2930 933 3016 Pisone,
951 2951 1158 3026 quamquam
1183 2927 1320 3023 suscipi·

180 3042 310 3114 endum
326 3041 457 3113 bellum
473 3042 652 3116 abnuisset.

233 3278 290 3348 79.
316 3273 459 3344 lomna
478 3295 574 3342 oram
590 3271 705 3369 Lyciae
722 3299 760 3346 ac
773 3273 983 3370 Pamphylia*
1002 3271 1238 3366 praelegentes,
1260 3269 1320 3339 ob·

179 3383 241 3458 viis
257 3386 411 3475 navibus,
437 3413 515 3482 quae
541 3387 766 3484 Agrippinam
783 3390 963 3476 vehebant,
990 3387 1162 3480 utrimque
1185 3381 1320 3470 indensi,

177 3596 231 3671 qui
244 3595 326 3672 legati
340 3596 547 3670 auctoritatem,
560 3607 589 3653 et
609 3599 724 3674 propriu
775 3606 817 3655 est
827 3623 837 3656 :
854 3597 917 3655 nrrtd
931 3617 1003 3654 non:
1017 3595 1132 3671 proinde
1142 3594 1188 3672 qni
1201 3597 1318 3652 nondum

177 3677 314 3733 mandata
327 3677 477 3752 acceperit.
776 3677 804 3733 in
825 3679 943 3734 numeris
963 3685 1037 3742 stent,
1060 3675 1124 3732 ticet
1145 3674 1226 3730 rtinm
1253 3676 1319 3730 lteri

776 3757 880 3814 tirones
891 3759 958 3825 sint,
969 3765 997 3811 et
1008 3754 1124 3829 publicis
1132 3755 1253 3826 coponis
1264 3756 1319 3811 iter

222 3831 338 3891 'Hand
355 3835 456 3914 magnii
470 3837 547 3894 mole.
590 3837 722 3894 Difficul-
766 3834 1315 3914 ι[’(ι’.·ιίωιέ,ηοηᾶιιηιΜυηηιυήίὲἱιί·θιυικ

178 3922 248 3982 tate,
274 3913 292 3969 i.
306 3934 329 3970 e.
352 3915 447 3972 facili.
487 3917 533 3973 Cf.
552 3917 588 3973 nd
615 3918 674 3974 Liv.
700 3935 721 3975 r.
777 3918 874 3974 debent
906 3915 975 3971 enirn
999 3915 1027 3970 in
1057 3931 1182 3972 nurnero·
1207 3914 1318 3989 reterri.

149 4045 152 4054 ,
178 3998 230 4049 38.
252 3995 400 4052 4.-renns
421 3995 507 4066 nonis,
529 3997 668 4068 seditioni,
681 4017 722 4053 re·
776 3996 891 4051 'l'iron‘s
908 3995 960 4063 itti,
971 3995 1169 4069 experimentis
1189 4010 1317 4067 compro-

177 4072 307 4128 bellioni.
779 4077 846 4144 bati,
860 4075 888 4133 in
900 4093 1031 4131 nunreros
1051 4073 1249 4137 referebantur,
1267 4093 1315 4128 wo

221 4147 392 4211 ‘Vennum
425 4153 553 4214 tironum.
607 4156 722 4212 Tirones
778 4155 892 4230 punctis
914 4154 1056 4229 signorum
1083 4154 1318 4217 inscribebantur,

151 4285 153 4292 ,
179 4231 231 4305 qui
263 4233 438 4294 nondumin
469 4253 599 4292 numeros
632 4236 722 4292 relati.
779 4233 1134 4309 utloquituergetins,1.
1147 4239 1175 4290 8.
1216 4235 1318 4304 ltaque

181 4311 270 4379 Quod
296 4313 403 4387 egregio
425 4313 549 4371 illustrat
573 4315 721 4391 Ulpianus,
777 4315 846 4370 dum
869 4314 961 4372 altum
980 4315 1052 4389 petit
1075 4312 1228 4378 Dominus
1250 4313 1318 4368 Piso

181 4393 291 4466 Digest.
307 4393 493 4450 xutx.tit.l.
520 4395 723 4452 Detestnrnen·
776 4411 855 4449 oram
868 4393 961 4449 Cariae
980 4392 1055 4467 legit,
1068 4405 1105 4460 et,
1118 4391 1237 4447 urnibns
1248 4411 1318 4445 con-

180 4481 211 4528 to
226 4471 330 4530 militis,
356 4485 409 4530 art.
421 4479 470 4530 4‘2.
500 4473 545 4529 Er
559 4495 589 4532 eo
603 4472 722 4548 teinpore
776 4472 871 4529 tineuti
890 4473 1020 4542 admotis,
1034 4472 1170 4530 vexillum
1193 4471 1317 4527 tironum

174 4551 294 4626 quisque
302 4555 374 4626 jure
394 4552 511 4610 militari
531 4553 629 4629 incipit
644 4573 723 4628 posse
775 4552 926 4628 intercipit.

179 4631 290 4703 testari,
303 4651 334 4688 en
353 4651 406 4706 qno
421 4631 447 4688 in
471 4653 595 4692 nnnnnus
617 4635 722 4691 relntns

352 4733 438 4784 VOL.
458 4733 482 4786 Ι.
1049 4730 1076 4779 K
