3200 5509
298 183 357 241 st)
378 181 453 240 LlB.
475 180 528 240 tv.
541 180 640 240 ANN.
661 178 1009 239 c.conN.TAc1T1.
1171 185 1231 251 ⁴9³

131 377 237 447 Car.
259 386 290 451 9.
314 376 409 442 Attus
434 375 574 441 Clausus.
618 375 670 439 Sic
694 375 771 439 MS.
793 374 877 440 Flor.
900 374 1035 439 Pichena
1055 387 1087 440 et
1110 376 1235 439 recenti·

75 511 177 553 ores.
225 486 395 551 Beroaldus
420 484 529 570 aliique
551 498 676 562 veteres,
698 484 821 570 Appius
847 483 986 550 Clausus.
1029 483 1117 549 Idem
1138 485 1234 549 Attus

81 597 238 663 Clausus
252 596 283 661 in
297 595 436 682 plurimis
450 596 552 660 MSS.
572 594 740 658 Codicibus
755 593 925 680 appellatur
944 595 1023 659 infra
1035 594 1147 659 Annal.
1164 615 1233 660 xri.
1293 582 1295 586 ¹

76 720 146 777 25.
176 725 210 776 et
229 711 310 795 apud
333 706 466 787 Livium,
492 729 532 770 11.
558 708 606 770 16.
631 705 751 793 Appius
774 720 875 771 tamen
900 705 1048 772 Claudius
1068 706 1178 771 dicitur
1202 708 1234 773 in

78 821 181 886 MS.
203 821 283 904 Reg.
299 817 414 882 Codice
435 817 549 896 Taciti,
571 829 601 881 et
622 816 653 879 in
672 816 748 880 MS.
766 802 871 880 nostro
894 815 973 880 Livii
996 815 1112 896 codice,
1127 818 1234 883 Attius

82 929 248 995 Clausus.
1078 928 1081 933 ’

134 1158 237 1222 Car.
263 1166 312 1220 10.
338 1154 520 1240 Tempusque
534 1152 697 1238 composito
711 1151 782 1216 sint.
826 1151 875 1215 lta
896 1151 972 1217 MS.
996 1153 1080 1218 Flor.
1099 1153 1232 1220 Pichena

81 1280 120 1332 et
146 1266 347 1331 recentiores.
391 1260 559 1326 Beroaldus
581 1275 612 1326 et
633 1274 758 1339 veteres,
780 1262 941 1348 compositu
955 1274 1034 1327 sunt.
1079 1263 1232 1348 Copulam

81 1400 152 1463 que
169 1376 316 1441 omiserat
333 1372 465 1456 Lipsius.

137 1595 238 1660 Car.
265 1607 312 1658 ll.
337 1594 413 1659 Haec
428 1593 663 1682 oulgdjoctota.
708 1593 751 1658 Et
771 1594 830 1680 ipsi
844 1595 968 1672 Orosio,
987 1616 1051 1660 vn.
1065 1605 1096 1659 4.
1110 1595 1232 1662 credita.

85 1707 202 1779 Quod
226 1705 349 1791 quidem
373 1705 411 1769 ed
436 1706 591 1768 ferendum
614 1704 722 1782 minus,
750 1706 833 1790 qudd
857 1705 923 1790 ipse
944 1705 1088 1769 Tacitum
1110 1706 1234 1790 legerat.

87 1814 298 1887 Quibusdam
316 1828 417 1878 autem
440 1814 611 1878 hominibus
625 1837 787 1878 commune
801 1829 857 1892 est,
876 1828 919 1892 ut,
939 1814 1031 1900 siquis
1046 1815 1167 1880 vitiosus
1185 1817 1235 1895 sit,

86 1947 172 1989 eum
213 1923 312 1988 statim
348 1924 427 1989 vitiis
462 1924 603 1987 omnibus
633 1924 870 1989 contaminatum
910 1923 997 1987 facile
1029 1925 1234 2009 pronuntient,

88 2035 229 2098 credant
248 2033 374 2097 facilius.
418 2033 508 2097 Falsal
523 2032 639 2097 virtutis
661 2033 772 2118 specie,
796 2034 950 2097 veritatem
965 2047 997 2098 et
1019 2033 1235 2098 humanitatem

90 2157 231 2206 exuunt.
273 2141 382 2227 Turpe
411 2155 441 2207 et
467 2143 606 2207 odiosum
632 2142 662 2206 in
689 2143 797 2207 ceteris
821 2142 1178 2227 hominibus'ingenium,
1203 2144 1234 2207 in

89 2251 303 2336 scriptoribus
317 2253 503 2336 pestiferum.

148 2359 240 2424 Cura
255 2371 359 2426 nostru
373 2362 498 2425 verterit.
542 2358 589 2424 Ita
603 2359 672 2425 libri
685 2383 790 2424 omnes
804 2361 885 2441 editi,
899 2374 930 2425 et
943 2384 1034 2446 supra
1047 2359 1158 2427 Annal.
1176 2384 1233 2428 ιιι.
1262 2344 1264 2349 .

93 2480 155 2534 24.
207 2469 427 2556 Si····pIures
451 2470 494 2534 od
507 2494 594 2534 curos
616 2470 712 2534 vitam
727 2470 909 2556 produxero.
954 2470 1097 2536 Muretus
1116 2471 1236 2558 aitqui·

95 2581 236 2642 busdam
260 2578 290 2641 in
314 2579 399 2643 libris
422 2578 550 2664 antiquis
579 2550 648 2663 legi,
677 2580 811 2664 scripta5
842 2594 874 2643 et
903 2604 1003 2666 supra,
1032 2582 1149 2658 inuniri,
1178 2605 1235 2666 pro

93 2689 266 2752 immunia.
309 2689 425 2751 Vereor
438 2711 485 2768 ne,
508 2687 653 2752 Ursinum
666 2688 810 2767 imitatus,
828 2689 967 2776 antiquos
980 2690 1073 2754 libros
1087 2689 1136 2756 blc
1150 2713 1235 2754 corn·

98 2796 291 2900 miniscatur,
306 2812 339 2861 ut
352 2796 509 2881 opiniones
524 2820 592 2862 suas
608 2801 768 2882 approbet.

148 3013 241 3077 Car.
261 3021 309 3075 ta.
335 3010 377 3076 Ut
391 3011 558 3097 superbum.
602 3009 638 3073 ln
648 3008 732 3074 libris
747 3011 845 3089 editis,
858 3022 891 3074 ut
905 3010 1086 3096 superbiora.
1122 3010 1235 3076 Emen-

98 3125 252 3201 dandum,
266 3121 436 3208 superbam,
455 3120 571 3205 optime
586 3119 704 3183 monuit
719 3119 881 3201 Muretus3
903 3125 1069 3205 probavere
1085 3120 1235 3185 Gruterus

100 3247 134 3297 et
147 3232 308 3298 Ernestus.
352 3231 448 3316 ldque
462 3230 526 3314 ipsa
538 3253 636 3293 rerum
651 3229 741 3294 series
756 3231 897 3315 postulat.
1104 3221 1126 3263 s

147 3343 255 3427 Atque
275 3342 335 3405 ltaec
359 3340 478 3404 collidis
500 3339 754 3404 criminatoribus.
805 3339 865 3405 Ita
878 3339 1046 3408 Beroaldus
1068 3354 1098 3404 et
1123 3354 1237 3405 veteres

102 3451 262 3516 editiones.
316 3449 438 3534 Lipsius
466 3449 539 3513 verd
567 3448 652 3512 aliter
679 3449 832 3514 distinxit:
865 3451 1005 3536 “Atque
1028 3451 1092 3513 haec
1122 3448 1237 3514 callidis

103 3560 348 3624 criminatoribus
359 3557 449 3636 (inter
463 3582 539 3652 quos
553 3558 697 3642 dilegerat
710 3558 732 3623 J
736 3558 830 3624 ulium
845 3559 1038 3638 Postumum,
1053 3582 1108 3643 per
1121 3556 1239 3623 adulte·

103 3670 186 3734 rium
206 3669 340 3734 Mutiliae
362 3667 475 3732 Priscae
490 3668 565 3731 inter
588 3668 709 3731 intimos
723 3669 806 3747 aviae,
831 3680 862 3732 et
883 3667 1013 3733 consiliis
1037 3669 1102 3735 suis
1120 3666 1243 3756 perido-

103 3803 218 3844 neum:
241 3778 312 3863 quia
328 3776 435 3840 Prisca
452 3776 597 3840 inanimo
614 3776 759 3859 Augusta
779 3775 890 3861 valida)
904 3801 993 3843 anum
1008 3778 1124 3870 sudpte
1137 3776 1248 3843 natura

104 3887 252 3972 potentiae
266 3885 396 3963 anxiam,
410 3884 614 3949 insociabilem
629 3885 716 3949 nurui
729 3886 907 3951 efficiebat.''
951 3885 1124 3976 lipsianae
1137 3885 1261 3958 duunc-

107 3979 185 4060 tioni
200 3993 407 4060 Acidalianam
422 3995 626 4080 conjecturam
649 3994 761 4059 addidit
775 3995 934 4075 Emestus,
946 4009 977 4058 et
996 4019 1068 4079 pro
1122 4017 1201 4113 tque
1213 3989 1276 4051 buc

108 4106 228 4172 collidis
243 4105 499 4185 criminatoribus,
520 4104 622 4186 edidit,
646 4103 744 4191 adque
763 4105 825 4171 hec
846 4053 1300 4248 “aldim'''tilnolfflbl‘'
