3200 5509
325 555 384 612 tat
637 551 760 611 NOTAE
781 550 832 609 ET
852 548 1179 608 EMENDATIONES

369 700 407 766 C.
429 699 585 786 Aurelius.
627 700 677 765 Ita
690 700 767 765 MS.
777 701 861 767 Flos.
870 712 1043 785 veteresque
1057 700 1201 764 editiones
1215 702 1246 765 dt
1260 699 1434 765 moestiores

323 809 363 875 ln
373 810 555 876 intermediis
567 834 604 874 ex
617 810 822 876 consularibus
837 809 948 875 Dinnis
960 823 991 874 et
1005 808 1179 874 Cassiodori
1188 808 1336 873 indicibus
1348 830 1439 871 mien-

325 923 449 998 datum,
460 918 510 983 M.
527 920 679 985 Aurelius.
703 919 790 982 Nihil
805 921 992 998 mutandum,
1018 917 1073 981 nisi
1096 920 1193 1005 major
1213 915 1290 981 adsit
1303 916 1438 981 librorum

323 1028 588 1114 inscriptionumve
602 1028 774 1095 auctoritas.

367 1250 499 1317 Canu.
522 1250 665 1338 Persem
686 1253 752 1317 uisu
774 1274 836 1317 uon
860 1252 1010 1317 toleravit.
1054 1240 1112 1315 CL'
1136 1250 1295 1327 Emestus,
1315 1250 1443 1335 perferre

324 1360 480 1429 insitiuum
494 1384 558 1427 esse
572 1361 732 1425 existimat.
776 1362 846 1445 Ego
858 1362 927 1425 verd
942 1384 998 1425 arec
1008 1362 1147 1425 damnare
1160 1360 1266 1441 ¹ausim,
1281 1382 1339 1425 nec
1350 1362 1445 1423 abens

327 1492 417 1555 posse
430 1469 493 1534 aine
507 1473 608 1534 senslrs
622 1470 777 1555 dispendio
792 1470 910 1555 opinor.

373 1578 416 1643 Ut
424 1602 487 1664 por
499 1602 617 1645 maror.
661 1579 774 1647 Mallet
789 1580 944 1657 Heinsius,
955 1591 988 1643 ut
994 1580 1069 1665 pori
1082 1600 1216 1643 mamre.
1244 1576 1321 1643 Plus
1333 1576 1447 1661 elegan-

327 1688 377 1758 tioe
390 1700 422 1753 et
435 1686 606 1753 Corneliani
621 1688 681 1752 stili
694 1689 725 1755 in
737 1688 858 1772 vulgati
874 1688 1032 1773 scripturi.

369 1918 459 1983 Car.
472 1928 504 1984 4.
528 1918 594 1983 Per
613 1918 766 1984 silentium
785 1930 895 1983 rastas.
940 1918 1071 2003 Egregid
1085 1918 1211 1984 dictum.
1255 1916 1348 1983 Mala
1363 1930 1450 1983 tentat

327 2026 607 2105 Piehena,uustum.

370 2134 465 2201 Miles
479 2160 544 2201 araur
558 2139 661 2201 umus.
705 2138 754 2202 Cl.
768 2138 819 2201 De
831 2133 946 2222 Harlay
956 2139 1104 2215 emendat,
1114 2139 1179 2202 sine
1191 2139 1294 2201 urrais.
1342 2136 1451 2222 Perpe·

324 2269 400 2316 rans.
422 2246 501 2311 Vide
514 2270 581 2333 quae
595 2250 633 2310 de
647 2247 778 2330 Augusti
787 2250 890 2311 funere
904 2248 984 2311 dieta
997 2260 1066 2311 sunt
1077 2270 1166 2331 supra
1179 2247 1291 2312 Annal.
1309 2270 1334 2311 r.
1344 2256 1377 2312 8.
1418 2244 1452 2309 In

327 2357 431 2419 sunere
446 2356 551 2422 armati
564 2354 683 2436 milites,
698 2357 887 2439 magistratus
906 2355 968 2419 sine
982 2356 1145 2440 insignibus
1165 2356 1331 2441 plurimum
1346 2357 1455 2419 habent

327 2465 437 2529 luctus.
1253 2448 1255 2453 ⁵

368 2572 567 2661 Superstitem
580 2576 759 2663 iniquorum.
804 2575 925 2639 Frustra
940 2588 1033 2640 tentat
1056 2574 1229 2653 Rhenanus,
1252 2576 1451 2640 inimicentur.

369 2796 459 2861 Can.
479 2808 509 2862 5.
534 2796 732 2861 Claudiorum
758 2794 979 2884 Juliorumque.
1031 2794 1079 2861 Ita
1100 2810 1214 2863 veteres
1242 2822 1349 2863 omnes
1379 2798 1451 2865 libri.

328 2906 483 2984 Muretus,
499 2906 620 2991 Lipsius
635 2918 666 2969 et
688 2906 907 2970 Freinshemius
929 2905 1061 2987 mallent,
1083 2904 1319 2994 Liuiorumque:
1342 2908 1452 2994 rec'epit

328 3016 487 3094 Emestns,
511 3038 601 3102 quem
625 3040 682 3100 pro
705 3039 789 3080 more
815 3016 869 3080 sno
892 3028 1010 3079 secutus
1024 3029 1070 3080 est
1084 3016 1133 3080 Cl.
1150 3016 1340 3082 Lallemand.
1385 3020 1450 3103 Ego

328 3127 411 3204 verd,
425 3123 497 3191 licet
511 3124 708 3191 Claudiorum
723 3126 865 3209 imagines
877 3124 1040 3190 ¹Juliorum
1060 3124 1238 3209 imaginibus
1258 3129 1452 3213 preposuerit

328 3234 465 3314 Tacitus,
478 3234 550 3301 nihil
564 3235 750 3300 mutaverim.
794 3234 906 3313 Immo,
917 3238 1101 3301 cdmcuuctu
1116 3232 1136 3299 d
1150 3236 1317 3325 may'orilrua
1328 3250 1450 3325 repertu,

330 3356 386 3411 out
410 3368 475 3433 quu
492 3347 606 3431 posteri
634 3345 816 3422 inverterint,
847 3346 877 3408 in
902 3344 998 3409 Drusi
1024 3346 1126 3409 funere
1154 3346 1264 3409 luerint
1292 3348 1451 3424 cumulus,

329 3455 468 3519 existimo
492 3480 554 3519 non
580 3456 673 3519 modd
697 3454 905 3537 Claudiorum,
931 3454 1098 3535 Liviorum,
1122 3454 1308 3541 aliarumque
1322 3456 1450 3521 affinium

331 3562 521 3641 familiarum,
547 3566 598 3628 sed
623 3562 645 3625 J
649 3564 777 3627 aliorum
800 3564 900 3643 etiarn,
915 3568 956 3628 ob
970 3588 1119 3629 summam
1132 3565 1264 3649 Augusti
1280 3566 1450 3629 benevolen-

330 3672 416 3751 tiam,
430 3674 571 3739 antelatae
592 3696 656 3738 esse
678 3673 831 3757 imagines.
876 3675 1013 3759 Optimi·
1029 3674 1115 3738 vertit
1138 3672 1187 3738 Cl.
1203 3674 1344 3755 Gordon,
1359 3673 1451 3739 round

331 3782 379 3847 tu
391 3783 470 3848 laud
482 3807 555 3849 uere
564 3784 677 3870 placed
688 3784 737 3848 tlte
750 3786 862 3873 irroges
876 3786 972 3874 ‹rstlu
988 3784 1113 3849 Claudii
1126 3784 1190 3849 arrd
1201 3784 1295 3850 Julii.
1319 3784 1450 3871 Mnrphy

332 3918 465 3980 quoque,
487 3897 538 3959 tlte
560 3894 625 3959 bier
642 3917 702 3959 roos
721 3896 880 3960 decorated
899 3896 972 3960 uitls
986 3896 1035 3959 tle
1053 3896 1165 3983 inunges
1179 3893 1220 3982 os
1233 3895 1449 3961 tractandus

333 4004 399 4067 und
411 4004 460 4067 tlte
476 4004 750 4091 Liviunfomilies.
794 4005 968 4077 Quinetiam
985 4004 1009 4069 si
1023 4004 1088 4091 quis
1102 4006 1138 4068 ad
1153 4006 1173 4071 J
1178 4004 1253 4072 unias
1267 4008 1366 4086 funus,
1380 4006 1448 4069 infra

334 4135 403 4195 cap.
415 4116 466 4182 76.
478 4114 646 4192 attenderit,
656 4112 852 4179 Claudiorum
864 4114 1078 4200 Iisiorumque
1086 4114 1227 4197 imagines
1238 4116 1288 4178 hic
1300 4114 1449 4181 memorari

332 4222 474 4305 trigidum
488 4223 530 4291 illi
542 4224 700 4292 videbitur.

353 4320 505 4403 ’Quarto
521 4337 637 4420 prinus.
695 4336 861 4421 Perperarn
886 4336 1037 4416 Muretus,
1063 4336 1195 4423 quoudd.
1241 4334 1376 4413 Quanto,
1399 4356 1449 4419 pro

334 4456 448 4541 quanio
462 4446 570 4533 magis,
584 4447 696 4535 accipe,
711 4461 746 4511 ut
759 4448 840 4511 rectd
854 4450 993 4511 observat
1003 4446 1158 4510 Ernestus.

380 4554 583 4649 Propositum
609 4570 685 4625 toro.
740 4554 893 4640 Muretus,
910 4556 1047 4638 Grotius,
1071 4570 1102 4623 et
1127 4556 1260 4642 Ryckius
1290 4556 1447 4629 emendant,
