3200 5509
663 534 921 604 ranrnrro.
1288 555 1362 620 „21

226 741 334 825 serit.
379 736 527 821 Fateor
545 734 761 845 equidem
781 736 851 819 sed
870 766 939 821 eas
953 736 1168 849 legitimas,
1183 760 1227 833 et
1244 753 1358 862 quod

224 883 268 965 in
304 896 488 967 veterum
532 881 739 977 libromm,
784 906 879 989 quae
920 900 1100 993 superat,
1148 897 1359 1001 paucitate

227 1050 384 1133 prorsus
404 1024 553 1107 mirum
567 1035 641 1117 est,
660 1024 834 1107 aliorum
853 1027 1095 1136 scriptorum
1109 1036 1356 1139 testimonie,

224 1180 296 1249 aut
325 1170 505 1279 ipsarum
523 1194 658 1251 rerum
678 1172 828 1251 natura
848 1173 1149 1280 comprobatas.
1207 1178 1355 1265 Nullas

220 1310 266 1393 in
290 1311 459 1393 historia
484 1338 696 1421 usurpare,
722 1312 785 1395 vel
814 1312 1069 1425 ineptissimi,
1086 1320 1151 1403 vel
1169 1322 1356 1407 audacis-

220 1452 312 1535 simi
342 1455 575 1537 mortalium
595 1452 714 1535 foret,
769 1436 1077 1540 criminationis
1093 1488 1239 1547 causas
1257 1494 1357 1577 apo·

220 1596 336 1679 riam.
395 1596 579 1692 Quidam
605 1606 860 1704 corruptores
885 1609 929 1691 et
952 1606 1134 1713 corrupti
1159 1604 1352 1693 Tacitum

217 1738 407 1833 oderunt,
441 1737 553 1847 qudd
582 1766 723 1823 eorum
760 1766 912 1825 arcana
947 1744 1179 1847 nudaverit,
1210 1779 1352 1837 corum

218 1882 317 1964 vitia
336 1895 556 1993 perpetuus
572 1908 714 1964 censor
728 1884 960 1990 exprobret.
1002 1884 1069 1969 Ut
1086 1891 1163 1973 sibi
1177 1893 1351 2005 aliisque

217 2026 357 2109 fucum
395 2026 562 2124 faciant,
600 2026 848 2109 calumniam
879 2028 986 2111 hanc
1020 2032 1223 2141 ingerunt.
1289 2038 1350 2121 At

217 2172 323 2280 quis,
340 2171 414 2253 nisi
430 2173 542 2280 prius
561 2171 599 2255 ei
617 2172 738 2253 fuerit
753 2172 962 2257 malesana
987 2178 1198 2260 oculomm
1226 2182 1348 2279 acies,

212 2316 530 2426 splendidiorem
561 2316 853 2425 purioremque
883 2317 1006 2400 solem
1037 2346 1124 2401 esse
1148 2348 1346 2431 umquam

215 2472 383 2569 questus
411 2460 500 2541 est?
558 2460 679 2555 Quis,
708 2459 784 2540 nisi
814 2462 958 2569 turpis,
984 2460 1153 2544 fideliori
1178 2467 1345 2574 speculo

213 2603 423 2685 irascitur?
479 2602 576 2701 Alii,
603 2630 798 2712 procaces
815 2605 995 2714 ingenio,
1013 2617 1057 2688 et
1072 2606 1342 2692 offensionum

210 2748 335 2844 avidi,
347 2748 536 2829 historias
556 2747 721 2856 argutiis
741 2747 962 2846 aculeatas,
981 2774 1141 2830 amarus
1159 2752 1344 2861 maligni·

212 2890 649 2988 tate,divinationibus
679 2890 801 2971 falsas
830 2892 1037 3000 scripsere,
1065 2919 1192 3001 seque
1208 2892 1342 2977 Taciti

208 3036 432 3117 imitatores
454 3034 650 3116 audacter
676 3048 772 3115 sunt
801 3034 982 3143 professi.
1040 3036 1194 3119 Eorum
1213 3037 1342 3132 auda·

208 3179 315 3261 eiam
339 3178 652 3286 imperitiamve,
686 3205 768 3260 non
795 3176 891 3261 vend
913 3176 1118 3276 Tacitum,
1146 3207 1341 3288 argue-

209 3318 390 3431 Vulgare
405 3334 467 3403 est
486 3348 560 3403 sua
576 3320 732 3431 flagitia
750 3302 838 3402 aliis
858 3322 1077 3435 objectare,
1095 3323 1339 3432 magnisque

208 3464 443 3547 nominibus
462 3492 548 3547 sese
568 3465 705 3545 tutari.
761 3463 935 3573 Insuper
960 3494 1012 3547 ex
1041 3465 1210 3576 optimis
1241 3468 1338 3550 arti-

206 3606 349 3691 ficibus
368 3609 512 3719 quevis
531 3620 654 3693 aetate
665 3609 796 3692 exorti
812 3610 1034 3693 imitatores
1047 3610 1226 3719 pessimi.

260 3896 428 3981 Crimen
446 3898 647 3981 alterum:
675 3896 795 3980 male
812 3896 1052 3985 Latinitatis
1075 3910 1138 3981 est
1155 3898 1335 3982 Territus.

207 4040 391 4125 Breviter
422 4042 606 4135 dictum;
637 4070 691 4123 an
721 4042 840 4126 rere?
893 4042 1081 4125 Tacitum
1111 4040 1336 4150 aliqnando

203 4186 323 4267 nimis
344 4187 567 4283 concisum,
598 4186 749 4296 ingenii
770 4202 814 4267 et
841 4212 1029 4269 sensuum
1057 4184 1337 4297 profunditate

69 4310 70 4315 Ν
203 4328 497 4413 subobscurum
532 4344 760 4443 arguerent,
791 4357 874 4413 non
899 4329 1020 4413 valde
1051 4351 1336 4439 repugnarem,

203 4500 280 4557 nec
299 4475 442 4561 eadem
463 4500 550 4557 esse
566 4472 821 4603 Thucydidis
839 4471 953 4571 vitia,
978 4482 1062 4570 aut,
1089 4480 1136 4551 ut
1160 4450 1337 4579 loquun-
