3200 5509
327 557 383 610 rso
677 543 711 602 c.
731 539 928 601 cosnaan
946 534 1084 600 sacrm
1224 542 1448 613 anem.
1561 576 1562 581 .

292 777 296 786 ,
321 701 502 799 imperium
517 712 717 797 speraretur.
769 692 1010 792 Commagenis
1036 695 1083 788 Q.
1099 693 1256 770 Sernaeus
1280 697 1446 796 pmpmi.
1561 652 1562 725 ἶ

324 833 393 906 tur,
406 835 480 889 tum
495 813 707 912 primumad
719 813 775 910 jus
791 809 945 908 praetoris
959 807 1150 883 translatis¹
1561 800 1562 879 ἶ

372 1055 430 1124 67.
457 1047 706 1128 Cunculiana
722 1039 878 1114 socialia²
894 1036 1057 1137 prosperi
1073 1038 1259 1135 composita
1273 1063 1347 1113 non
1370 1041 1447 1118 ideo

323 1159 440 1234 laetum
458 1154 703 1232 Germanicum
728 1157 910 1244 habebant,
935 1156 981 1228 ob
1009 1153 1203 1250 superbiam
1220 1154 1365 1245 Pisonis,
1389 1158 1448 1255 qai

319 1277 432 1373 jussus
447 1289 578 1370 partem
603 1270 776 1369 legionum
791 1271 876 1368 ipse,
885 1287 943 1343 aut
965 1293 1028 1366 per
1042 1269 1165 1357 filium,
1189 1267 1226 1340 in
1247 1270 1447 1345 Armeniam

323 1389 461 1476 ducere,
487 1404 671 1482 utrumque
692 1388 900 1484 neglexerat.
951 1382 1099 1482 Cyrrhi³
1126 1384 1267 1456 demum
1291 1387 1379 1480 apud
1394 1387 1445 1457 bi·

322 1503 429 1575 berna
455 1503 617 1594 decutnae¹
630 1501 771 1599 legionis
787 1524 989 1588 convenere,
1005 1499 1140 1571 firmato
1162 1497 1274 1587 vultu,
1289 1499 1367 1572 Piso
1389 1501 1447 1572 ad·

322 1617 444 1688 versus
459 1631 601 1702 metum,
627 1614 853 1687 Germanicus
868 1637 912 1686 ne
928 1611 1047 1684 minari
1071 1612 1287 1702 crederetur3
1313 1630 1350 1685 et
1364 1631 1447 1702 erat,

324 1746 363 1802 ut
378 1729 738 1818 retuli,⁴c1ementi0r:
763 1729 825 1800 sed
849 1725 948 1800 arnici
962 1725 1184 1799 accendendis
1207 1725 1448 1800 offensionibus

324 1843 446 1932 callidi,
462 1843 636 1915 intendere
651 1867 743 1932 vera,
763 1843 927 1941 adgerere
953 1839 1048 1930 falsa,
1064 1841 1244 1937 ipsumque
1258 1857 1293 1912 et
1318 1841 1447 1914 Planci·

323 1979 416 2045 nam,
433 1973 466 2028 et
481 1956 568 2029 filios
583 1955 681 2029 variis
696 1957 807 2028 modis
828 1955 1007 2028 criminari.
1056 1953 1235 2027 Postremo
1260 1955 1377 2050 pausis
1400 1953 1447 2027 fa·

325 2069 505 2144 miliarium
520 2069 676 2143 adhibitis
691 2095 804 2142 sermo
821 2086 954 2166 coeptus
975 2067 996 2140 a
1013 2068 1161 2156 Caesare,
1178 2068 1314 2164 qualem
1339 2067 1391 2140 ira
1413 2085 1447 2140 et

323 2182 541 2256 dissimulatio
562 2184 689 2282 gignit:
716 2207 916 2280 responsum
932 2182 953 2254 a
967 2181 1090 2255 Pisone
1104 2181 1262 2278 precibus
1275 2199 1449 2255 contuma-

323 2297 431 2387 cibus
447 2299 731 2395 discesseruntque
747 2299 872 2396 opertis
899 2297 1029 2370 odiis:⁵
1053 2297 1199 2393 postque
1222 2321 1320 2368 rarus
1341 2296 1377 2367 in
1390 2295 1448 2369 tri·

321 2414 438 2486 bunali
461 2413 603 2487 Caesaris
624 2414 724 2503 Pts0;
748 2431 782 2486 et
798 2415 826 2486 si
846 2413 986 2511 quando
1003 2410 1181 2498 adsideret,
1196 2427 1310 2507 atrox,
1322 2435 1364 2484 ac
1385 2411 1447 2484 dis-

323 2528 446 2599 sentire
457 2525 673 2600 manifestus:
699 2552 769 2620 vox
785 2553 923 2625 quoque
950 2531 1024 2626 ejus
1036 2525 1212 2598 auditaest
1225 2524 1262 2595 in
1282 2524 1446 2614 convivio,

324 2640 409 2733 cum
421 2641 512 2736 apud
522 2665 641 2738 regem
651 2637 913 2716 Nabataeorum⁶
924 2665 1061 2715 coronae
1075 2642 1210 2713 aureae⁷
1225 2662 1351 2737 magno
1366 2661 1445 2736 pon·

368 2909 440 2970 'Ad
465 2914 519 2988 jus
540 2912 670 2988 pretorii
706 2913 861 2972 translatis.
911 2913 988 2970 latin
1001 2911 1105 2978 Quart.

329 2989 473 3048 &functo
493 2990 644 3061 Antiocho,
662 2991 863 3068 Commageno-
948 2989 964 3023 ⁴
978 2991 1020 3048 Ut
1034 2989 1127 3048 retuli.
1168 2990 1261 3066 Supra
1274 3007 1339 3066 cap.
1352 2995 1401 3048 55.

328 3085 392 3128 rum
406 3089 476 3146 rege,
484 3081 512 3127 et
520 3069 633 3148 populis
644 3071 803 3132 &manum
811 3071 863 3128 im·
951 3067 1089 3146 ’Opertis
1109 3068 1188 3126 odiis.
1229 3069 1369 3127 Emendat
1381 3069 1442 3145 Lip-

327 3151 438 3226 perium
464 3151 652 3226 cupientibus,
675 3149 864 3226 Commagene
909 3149 1104 3224 siusapertis:
1126 3149 1265 3223 approbat
1286 3148 1442 3223 Amelotdo

285 3231 291 3242 ’
329 3229 405 3289 facta
428 3240 469 3288 est
494 3228 611 3288 Caesaris
640 3229 793 3304 provincia,
832 3239 863 3288 ut
911 3229 941 3285 la
954 3228 1101 3286 Houssnie.
1143 3225 1225 3284 Nihil
1245 3238 1339 3284 umen
1357 3237 1443 3286 muta

329 3308 437 3370 dictum
451 3326 537 3384 supra
553 3325 617 3383 cap.
631 3313 679 3366 42.
699 3309 746 3366 sed
766 3308 864 3384 postea
911 3308 1009 3367 verim.
1058 3307 1090 3366 Si
1115 3306 1190 3363 enim
1213 3317 1312 3382 aperta
1335 3307 1442 3364 fussent

328 3387 358 3446 id
371 3397 522 3448 mutatum.
563 3387 650 3446 Caius
665 3388 738 3444 enim
753 3390 866 3464 Cappa·
911 3387 977 3444 odia
998 3385 1132 3444 tribunali
1153 3385 1270 3444 Caesaris
1292 3404 1442 3462 numquam

328 3466 418 3524 dociae
431 3485 545 3542 regnum
561 3465 714 3534 Antiocho,
727 3467 863 3530 Antiochi
912 3466 1060 3524 adstitisset
1085 3465 1160 3534 Piso,
1185 3483 1252 3521 eum
1282 3468 1386 3522 acerba
1406 3467 1443 3524 lo·

328 3545 397 3614 tilio,
409 3545 539 3612 restituit,
552 3545 652 3602 deinde
673 3546 778 3604 ademit
785 3567 794 3615 ;
816 3547 865 3602 ite-
913 3555 1044 3620 quantem
1064 3561 1120 3600 non
1142 3543 1288 3601 tolerasset
1301 3545 1442 3602 Germani·

330 3641 394 3680 rum
419 3622 541 3680 reddidit
554 3623 709 3683 Claudius.
750 3625 865 3682 Ponitus
912 3643 973 3682 cus.
1021 3623 1096 3680 Vere
1126 3623 1284 3691 Daaanzati
1309 3643 1360 3681 con
1392 3625 1443 3682 odii

330 3703 443 3760 tandem
457 3700 571 3773 sustulit
580 3703 776 3778 Vespasianus.
789 3704 865 3762 Stra·
913 3702 1092 3760 concertasti.
1133 3701 1207 3759 Vide
1218 3703 1305 3762 Misc.
1319 3703 1389 3762 Obs.
1399 3722 1442 3761 tx.

331 3783 378 3854 bo,
391 3785 576 3857 xvr.p.?49.
597 3781 664 3870 Dio,
677 3799 740 3840 arx.
753 3801 782 3858 p.
796 3777 864 3841 645.
913 3787 982 3887 38⁶7.
1218 3843 1223 3850 ,
1308 3861 1315 3872 ·

332 3855 864 4014 ²¹³³t.li⁰.·.i:¹t·..·¹l.ln.{¹n.
913 3861 1185 4010 ...illinit
1198 3861 1445 4012 rississisii'

330 4019 520 4096 superioribus
538 4019 742 4094 conjungenda.
783 4019 866 4076 Scili·
914 4021 990 4076 bant.

331 4108 386 4167 cet,
408 4115 450 4154 res
469 4097 683 4172 Cappadocum,
698 4098 865 4174 Commago·
952 4093 1100 4156 ⁷Coronoe
1125 4115 1224 4158 nureo.
1271 4098 1319 4156 Ad
1345 4099 1443 4156 luxum

330 4194 442 4248 mrum,
456 4189 615 4251 cunctaque
628 4175 752 4246 socialia,
771 4176 864 4249 idest,
914 4177 1042 4235 Orientis·
1048 4187 1186 4254 spectant,
1201 4179 1249 4235 ubi
1272 4188 1366 4235 manen
1379 4179 1443 4256 regi·

330 4255 482 4323 sociorum,
495 4255 625 4330 prosperii
637 4256 800 4332 composita,
809 4275 865 4314 non
914 4258 966 4312 bus
978 4256 1088 4314 tanturn
1107 4258 1135 4314 in
1148 4259 1283 4318 conviviis
1302 4257 1364 4314 dari
1379 4257 1443 4316 sole·

331 4337 396 4393 ideo
421 4333 518 4392 laetum
547 4333 750 4392 Germanicum
781 4335 866 4393 babe-
894 4333 991 4407 ham,
1004 4335 1168 4412 volquibus
1184 4338 1282 4414 regalis
1301 4337 1443 4394 bonosbs·

332 4415 409 4474 bant.
914 4416 1042 4473 bebatur.
1090 4416 1137 4472 cf.
1163 4417 1287 4493 Capitol.
1313 4415 1345 4472 in
1370 4417 1442 4474 AElio

330 4539 334 4546 .
372 4487 510 4569 'Cprrli
550 4491 675 4570 Cyrrhus
701 4493 767 4550 urba
795 4495 866 4569 Cyr-
913 4494 1275 4564 versatissimus.
1296 4501 1326 4556 2.
1351 4496 1441 4556 etPo·

331 4569 464 4640 [hosticas
485 4571 646 4648 provinciae,
659 4591 722 4647 quae
734 4572 866 4630 Comma·
913 4571 972 4651 lyb.
987 4593 1040 4634 aa.
1054 4578 1103 4637 31.

332 4669 409 4728 geme
422 4659 481 4710 erat
489 4651 670 4726 contermina,
678 4669 755 4718 nulle
769 4652 865 4731 appel·
