3200 5509
367 510 426 590 lb
446 529 520 591 us.
542 530 599 591 nr.
618 532 718 589 nnn.
738 532 774 589 c.
793 530 918 591 nonu.
936 526 1083 591 uncini.
1241 526 1301 595 rur

168 678 236 745 bat:
262 671 298 745 T.
318 681 472 747 Arellium
487 681 628 762 Fuscum,
645 682 773 748 Cneinrn
788 682 931 749 Asinium
949 682 1089 758 Gallum,
1107 678 1301 745 AEserninwn

169 780 368 866 Marcellum,
393 784 464 849 Ser.
483 784 675 873 Pompeium.
720 786 884 871 Perpernm
900 786 1075 851 distinctum
1099 784 1129 847 in
1151 781 1301 849 veteribus

166 892 359 971 editionibus,
376 896 585 971 AEserninurn,
600 896 797 961 Marcellum.
844 895 895 961 De
925 896 996 959 Seu.
1022 894 1186 981 Pompeio,
1209 920 1300 981 quem
1365 936 1372 952 ·

165 1002 308 1069 Valerius
323 1005 491 1086 Maximus,
503 1028 542 1071 n.
557 1010 588 1072 6.
599 1030 682 1071 num.
697 1015 728 1072 8.
742 1006 854 1085 laudat,
865 1016 899 1070 ut
914 1004 1051 1071 onrrrilrns
1065 1006 1241 1085 virtutibus,
1252 1012 1300 1075 ito

165 1112 370 1178 humanitatis
405 1138 521 1201 quoque
550 1116 691 1181 laudibus
722 1114 1301 1207 irntructissimum..facundissimoque
1371 1175 1375 1180 .

160 1245 310 1299 sermone,
323 1225 377 1311 qui
390 1247 441 1289 ore
455 1228 518 1312 ejus
531 1226 619 1313 quusi
632 1225 648 1289 ὲ
661 1226 750 1291 bento
762 1226 891 1312 quodam
907 1224 1176 1313 eloqrrentiesonte
1190 1250 1299 1295 monn-

164 1333 230 1413 bot,
245 1334 359 1399 dictum
372 1358 465 1419 supra
484 1336 595 1401 Annul.
612 1357 636 1399 1.
652 1344 683 1407 7.
728 1336 866 1400 Asinium
883 1334 1021 1415 Gallum,
1038 1336 1134 1401 Asinii
1150 1338 1299 1403 Pollionis

164 1444 273 1523 lilium,
284 1458 315 1508 et
325 1443 511 1509 Marcellum
528 1446 733 1523 IEserninum,
744 1448 810 1531 ejus
821 1460 962 1529 nepotem
972 1445 1092 1528 egregie
1107 1450 1299 1515 commendat

164 1554 291 1631 Seneca,
325 1554 466 1619 Declam.
503 1574 551 1617 ιν.
581 1554 672 1619 Pras.
695 1556 772 1619 Vide
799 1570 830 1619 et
859 1570 986 1622 stemma
1015 1553 1191 1620 Pollionum
1219 1557 1297 1620 infra

151 1689 231 1751 sap·
247 1674 299 1737 75.

209 1775 251 1838 L.
275 1775 362 1839 Piso.
407 1775 460 1839 De
487 1791 549 1861 q'uo
569 1800 665 1861 snpra
684 1776 795 1841 Annal.
822 1796 862 1841 11.
890 1784 941 1841 84.
987 1774 1079 1841 Illum
1107 1777 1149 1841 rei
1174 1780 1297 1843 fratrem

161 1884 298 1970 appellat
312 1884 466 1950 Muretus.

207 1994 367 2060 Livineius
382 1994 528 2083 Regulus.
574 1994 983 2060 DeeoinfraAnnnl.x1v.
1005 2006 1052 2066 17.
1096 1998 1297 2091 Frustra,qec

160 2128 199 2171 ex
213 2103 315 2171 Taciti
324 2128 410 2170 more
421 2106 549 2191 primam
562 2105 690 2185 literam,
713 2120 746 2170 ut
767 2105 806 2169 sit
829 2104 869 2169 L.
902 2102 1072 2185 Liuineius,
1088 2108 1295 2190 geminandam

159 2230 263 2281 censet
277 2216 430 2281 Muretus.
1130 2296 1134 2307 Ι

205 2327 261 2391 An
266 2338 428 2413 promeret.
471 2324 520 2389 Ita
534 2325 701 2389 Beroaldus
712 2324 863 2411 ceterique
876 2325 945 2389 libri
959 2326 1031 2391 editi
1042 2339 1150 2411 prater
1161 2329 1293 2400 Antuer-

158 2428 280 2523 pianam
301 2435 463 2501 editionem
486 2435 553 2499 anni
580 2434 797 2520 inaniaque
821 2436 884 2501 haec
911 2436 1031 2501 omissa.-
1055 2420 1131 2501 MS.
1156 2439 1240 2503 Flor.
1256 2463 1294 2505 ne

153 2560 316 2634 premeret,
327 2548 409 2632 quod
422 2570 458 2611 ex
473 2544 677 2630 superioribus
692 2545 863 2629 repetitum,
889 2560 919 2609 et
927 2546 1058 2611 deletum
1070 2546 1134 2612 vult
1150 2548 1293 2613 Pichenn.

158 2658 300 2743 Utroque
313 2656 344 2721 in
357 2657 428 2721 loco
441 2679 478 2720 oc
486 2666 637 2741 prorueret
652 2655 850 2719 omittendum
865 2669 966 2719 censet
983 2656 1142 2721 Gruterus.
1166 2656 1293 2723 Beroal-

157 2767 230 2831 dina
247 2766 416 2831 emendatio
430 2789 492 2829 non
512 2764 661 2849 displicet,
685 2776 715 2827 et
737 2787 809 2827 cnm
830 2764 965 2829 oratione
987 2764 1125 2845 Cereris,
1147 2768 1291 2831 meditato

158 2890 398 2963 temperamento
411 2875 526 2951 nabin,
540 2873 659 2957 egregie
674 2888 743 2939 stat.
758 2963 761 2967 Α
787 2866 932 2937 Heinsius
947 2874 1131 2941 confidenter
1146 2876 1265 2961 delevit.

203 2989 250 3053 Iis
261 2986 346 3053 nand
357 2984 437 3050 olido
450 2986 607 3049 intentior.
664 2982 720 3061 Iis,
735 2982 815 3048 delet
833 2982 1000 3047 Acidalins.
1046 2983 1139 3051 Certe
1160 2987 1293 3072 expungi

155 3112 260 3186 potest
294 3098 356 3161 sine
391 3096 455 3161 ullo
486 3097 639 3161 sententie
668 3093 836 3178 dispendio.
880 3091 974 3157 Forte
1006 3110 1107 3159 tamen
1138 3102 1291 3182 quondam

154 3210 315 3293 scriptum,
329 3208 368 3271 iis
386 3206 534 3272 intentior
542 3203 675 3291 populus
695 3203 780 3267 laud
796 3202 875 3267 nlids
890 3202 962 3288 pins
985 3204 1047 3269 sibi
1069 3208 1102 3269 in
1122 3209 1292 3295 principem

154 3318 280 3387 occulte
306 3318 398 3391 nocis,
429 3327 484 3380 aut
511 3312 674 3401 suspicacis
696 3311 811 3377 silentii
833 3312 984 3396 permisit.
1039 3311 1076 3377 In
1100 3314 1176 3379 MS.
1205 3318 1289 3381 Flor.

152 3433 184 3497 is
196 3430 282 3495 houd
295 3427 374 3494 olido
392 3426 556 3491 intentior:
573 3422 705 3513 populns
729 3425 788 3486 &e
832 3419 880 3485 lta
903 3434 946 3500 ut,
962 3422 1119 3499 intentior,
1140 3427 1178 3489 ad
1194 3426 1289 3499 Tibe·

154 3543 235 3608 rium
248 3542 403 3605 referatur.
445 3536 492 3601 At
506 3546 576 3597 tunc
591 3532 738 3618 disjuncta
752 3531 864 3607 omnia,
886 3530 994 3612 hiulca,
1016 3555 1072 3599 nec
1086 3532 1286 3601 Corneliana:

152 3656 221 3717 haee
234 3666 334 3715 tamen
347 3643 527 3733 approbavit
542 3642 594 3707 Cl.
609 3641 749 3707 Gordon.

198 3868 290 3934 Car.
309 3875 357 3930 12.
403 3862 477 3927 Non
500 3861 650 3948 principis
674 3858 815 3925 niciam.
870 3858 957 3925 Libri
980 3881 1083 3923 omnes
1104 3872 1230 3938 veteres,
1244 3872 1286 3931 ¹et
1387 3903 1389 3909 ·

147 3981 292 4069 priuatas
306 3974 483 4041 iniru'icitios
493 3973 566 4037 novi
582 3968 740 4056 Principis
755 3969 894 4033 ulciscar.
939 3968 1119 4033 Emendavit
1141 3969 1284 4051 Faernus,

151 4115 216 4157 non
250 4086 421 4171 Principis,
454 4084 536 4169 quod
568 4082 598 4146 in
630 4081 753 4165 optma
788 4094 868 4143 notae
903 4078 1083 4143 editionibus
1118 4092 1285 4163 receptum.

150 4200 294 4267 Tentavit
306 4218 428 4283 quoqne
442 4191 594 4258 Antonius
607 4189 808 4274 Augustinus,
819 4212 881 4253 non
891 4198 927 4253 ut
939 4186 1096 4272 Princeps.
1141 4186 1286 4257 Muretus

151 4328 184 4377 et
206 4310 377 4385 Mercerns,
401 4328 463 4369 non
487 4304 522 4368 vi
544 4300 713 4386 Principis,
728 4314 762 4363 ut
776 4299 852 4363 infra
865 4296 975 4362 Annal.
992 4318 1023 4361 r.
1044 4308 1073 4363 5.
1089 4308 1218 4382 parntes
1243 4296 1287 4367 od

150 4422 297 4487 altionem
316 4419 349 4483 oi
375 4413 534 4499 Principis
556 4410 713 4497 impediri.-
740 4409 800 4473 boc
824 4410 988 4493 probavere
1009 4406 1230 4471 Freinshemius
1253 4425 1285 4475 et

151 4532 308 4599 limans.
354 4524 507 4609 Displicet
520 4537 621 4586 tamen
642 4523 684 4585 ob
708 4519 810 4584 nescio
832 4518 904 4603 qnid
924 4540 1074 4602 asperum,
1088 4540 1144 4581 nec
1168 4516 1284 4583 Corne·

147 4642 273 4716 lienum.
318 4636 447 4723 Optime
468 4633 557 4739 uertit
570 4631 710 4715 Gordos,
729 4626 886 4717 .And‚for
900 4626 1041 4697 domestic
1056 4627 1190 4722 injurios,
1201 4634 1288 4703 erert
