3200 5509
190 558 221 617 J.
232 558 267 618 C.
284 564 330 616 1⁴.
477 556 702 619 ANNALIUM
722 558 842 620 unua
862 560 1024 621 PRIMUS.
1280 564 1318 621 ³3

189 710 551 785 “tim'boerenediis
571 714 764 812 agendum:
793 712 876 787 nihil
909 714 945 786 in
969 714 1075 811 vulgo
1098 710 1316 784 modicum2¹

187 832 215 869 ‘⁶
230 842 372 915 tesam,
395 826 606 923 nipavesnt:
631 828 689 901 ubi
704 828 950 925 pertimuerint,
974 828 1112 923 impune
1124 824 1314 898 contemni:

155 1017 160 1024 ,
187 940 316 1012 “dum
347 939 535 1037 superstitio
574 947 726 1039 tagest,²
762 940 966 1041 adjiciendos
997 966 1042 1014 ex
1073 942 1161 1013 duce
1193 956 1316 1027 metus,

187 1058 215 1097 ‘⁶
230 1052 369 1125 sublatis
398 1052 569 1127 seditionis
594 1056 825 1131 auctonbus”
874 1056 1053 1129 Pmmtum
1078 1054 1121 1127 ad
1149 1052 1316 1149 asperiora

184 1162 359 1261 ingenium
383 1168 503 1241 Druso
527 1186 621 1242 erat:
646 1187 783 1245 vocatos
805 1170 1013 1243 Vibulenum
1032 1186 1066 1241 et
1090 1166 1315 1241 Percennium

183 1276 441 1378 ‘atteficijnbes
491 1282 648 1355 Tradunt
663 1284 828 1380 pictique,
852 1282 1204 1355 intritabemaculum
1219 1278 1317 1353 ducis

183 1392 346 1466 obrutos:
382 1394 450 1483 alii,
470 1418 616 1491 corpora
626 1413 724 1469 extra
738 1398 866 1469 vallum
877 1398 1006 1493 abjecta
1020 1393 1174 1467 ostentui.

230 1630 289 1691 80.
315 1623 422 1709 Tuos,
455 1638 494 1693 nt
525 1622 669 1720 quisque
699 1622 892 1720 praecipuus
915 1625 1080 1709 turbator,
1113 1618 1310 1718 conquisiti:
1348 1650 1354 1661 ·

180 1747 215 1803 et
238 1756 317 1827 pars
337 1751 436 1807 extra
461 1753 570 1807 castra
596 1738 759 1832 palantes,
794 1735 816 1808 i
841 1736 1104 1824 mutationibus,
1138 1752 1196 1807 aut
1224 1760 1312 1831 pra:-

179 1845 342 1918 toriarom
361 1848 554 1921 cohortium
569 1850 730 1923 militibus
745 1850 845 1927 caesl:
871 1850 1037 1947 quosdam
1058 1848 1120 1945 ipsi
1136 1848 1311 1945 mfflfipulls

178 1958 423 2033 documentum
454 1962 564 2050 fidei‚¹
597 1963 775 2036 tradidere.
842 1968 998 2035 Auxerat
1033 1962 1177 2035 utilitum
1211 1986 1310 2035 cunas

176 2091 380 2169 pramatura
394 2076 515 2165 hierus,
550 2076 716 2150 imbribus
746 2078 925 2165 continuis,
950 2076 1104 2174 adeoque
1136 2076 1245 2165 saevis,
1269 2093 1309 2147 ut

175 2210 247 2259 non
270 2190 389 2286 egredi
403 2191 561 2279 tentoria,
584 2192 786 2289 congregari
809 2191 897 2263 inter
921 2216 970 2278 se,
994 2191 1052 2261 vix
1068 2190 1168 2262 tutari
1193 2191 1310 2287 signa*

173 2318 325 2397 possent,
348 2328 427 2398 qua
451 2306 586 2377 turbine
609 2322 711 2403 atque
727 2304 820 2377 andi
843 2306 1080 2400 raptabantur:
1106 2304 1248 2377 durabat
1272 2306 1310 2374 et'

172 2412 326 2485 formido
346 2413 492 2489 coelestis
515 2417 589 2505 ira,
622 2426 649 2463 ⁴‘
664 2442 728 2491 nee
751 2417 876 2490 frusta
903 2418 1067 2491 adversus
1094 2418 1215 2513 impios
1246 2417 1309 2491 he:

172 2533 201 2570 “
215 2529 355 2600 bescere
380 2530 501 2619 a'dera,
529 2556 629 2606 ruere
649 2549 882 2629 tempestates:
920 2554 990 2604 non
1016 2530 1106 2603 aliud
1134 2532 1304 2603 malorum

172 2642 199 2688 “⁴
215 2642 456 2730 levamentum,
478 2643 586 2741 quim
617 2645 645 2719 si
677 2644 868 2743 linquerent
895 2662 1002 2717 castra
1027 2642 1170 2717 inimsts
1200 2661 1303 2715 teme-

171 2761 198 2797 “
215 2772 366 2851 rataque,
390 2772 424 2828 et
447 2758 547 2830 soluti
572 2758 737 2855 piaculo,³
761 2759 830 2831 suis
852 2758 994 2854 quisque
1014 2756 1161 2829 hibernis
1183 2758 1302 2829 redde-

171 2874 197 2911 “
212 2869 369 2941 rentur.''
391 2868 549 2945 Primitm
558 2871 772 2959 octava,doin
781 2870 1040 2968 quintadecuma
1052 2869 1299 2967 legio,rediere.

168 2982 337 3053 Nouanus
377 2984 639 3078 “opperiendas
675 2982 802 3056 Tiberii
834 2983 1014 3079 epistolas”
1053 2983 1299 3057 clamitaverat:

169 3118 254 3167 mox
262 3090 602 3169 desolatus⁶aliorum
613 3094 1062 3182 discesuone,imminentem
1071 3094 1301 3202 necessitatem

167 3224 289 3303 sponte
321 3208 505 3303 praevenit:
541 3226 575 3282 et
609 3210 757 3297 Drusus,
792 3234 862 3281 non
898 3225 1075 3304 expectato
1110 3210 1298 3305 legatorum

164 3342 335 3419 regmsu,
351 3320 430 3417 quia
443 3322 620 3418 prasentia
635 3323 712 3396 satis
727 3322 963 3412 consederant,
977 3321 1013 3393 in
1030 3324 1151 3395 urbem
1163 3322 1272 3397 rediit

216 3542 275 3603 al.
300 3532 434 3605 hansa
459 3530 568 3607 tenni
594 3533 727 3621 diebus,
749 3532 868 3605 iisdem
884 3530 991 3605 musis
1008 3532 1223 3607 Germanica:
1252 3534 1297 3609 le·

206 3724 368 3805 'Isoulgo
386 3730 527 3788 modicum.
569 3730 700 3790 Modera·
755 3728 858 3789 defixa.
899 3730 981 3791 Ltes.
1023 3729 1139 3807 Quippe
1151 3734 1229 3813 signa
1241 3756 1293 3797 nu·

164 3815 237 3866 tutu.
278 3807 347 3865 Nos
363 3814 404 3865 eat
427 3810 498 3866 enim
517 3811 657 3869 consilinm
670 3812 700 3868 is
755 3810 832 3867 mina
841 3808 981 3886 legionum
994 3823 1083 3868 erant.
1127 3822 1130 3829 ‘

161 3886 258 3963 vulgo,
280 3905 333 3943 son
356 3886 439 3958 ratio,
466 3906 520 3945 sos
545 3890 698 3963 ductim,
794 3884 927 3947 'Saluti
949 3889 1069 3965 piaculo.
1124 3891 1216 3953 Soluti
1248 3894 1291 3952 itis
1385 3908 1390 3919 ’

160 3984 218 4022 nos
232 3964 387 4043 diligentia.
427 3967 491 4028 cic.
507 3986 558 4044 pro
571 3970 698 4043 Plancio,
754 3966 929 4102 crlprinibus,
952 3986 1016 4045 quae
1033 3979 1111 4027 erant
1128 3972 1212 4049 digna
1231 3974 1291 4051 pin·

165 4062 211 4102 st.
252 4061 256 4067 ·
754 4065 791 4103 cu
806 4066 833 4103 o.

202 4118 217 4149 ⁸
238 4122 407 4201 Superstitio
429 4135 539 4204 urgeat.
580 4126 698 4202 vigente
791 4118 991 4185 ⁶Derolotos.
1049 4126 1081 4185 Id
1115 4138 1165 4199 est,
1205 4134 1287 4192 selus.

158 4220 198 4260 ac
221 4218 335 4281 urgente
364 4206 568 4281 superstitione,
598 4207 698 4265 debere
754 4204 827 4262 Mox
859 4206 978 4263 aliorum
1016 4206 1179 4276 discessione
1210 4212 1287 4271 solus

158 4278 266 4340 ducem
284 4293 375 4343 metus
396 4284 528 4361 adjicere,
546 4286 698 4343 etseditio-
752 4284 876 4354 relictus,
894 4287 1081 4345 imminentem
1096 4290 1286 4349 necessitatem

156 4360 208 4416 nis
220 4374 348 4421 auctores
357 4364 465 4422 tollere.
751 4376 849 4439 sponte
861 4378 889 4421 ot
902 4367 1035 4443 obsequio
1043 4370 1184 4443 praevenit.
1202 4370 1286 4447 ¹Virg.

203 4434 425 4501 'Documentum
435 4444 520 4520 fidei.
560 4442 601 4501 Ut
613 4444 696 4501 fidem
753 4448 881 4509 x1.870.
1272 4460 1277 4475 ¹

157 4536 245 4576 susm
257 4523 414 4596 probarent.
815 4587 821 4599 ,

199 4596 216 4630 ⁴
231 4597 261 4657 V
257 4598 286 4657 is
297 4603 387 4660 tutari
399 4604 487 4679 siguo.
510 4602 543 4659 ld
555 4612 606 4674 est,
619 4612 696 4662 rocta

156 4676 265 4737 babere
276 4693 306 4741 et
314 4699 422 4742 senam
433 4682 461 4740 in
473 4682 627 4763 principiis,
645 4686 693 4743 ubi
832 4666 847 4699 ‘⁸
