3200 5509
292 502 347 557 1:52
646 495 680 552 C.
702 491 899 552 CORNELII
918 487 1056 552 'ttett't
1205 494 1245 552 A.
1257 493 1297 554 U.
1309 495 1430 561 cm.

289 641 446 724 domum
473 641 712 721 imminuerat:
753 665 787 721 et
830 651 948 721 Caesar
988 643 1143 743 quamvis
1173 648 1426 742 posthabimm,¹

291 766 402 838 decies
418 765 582 838 sestertii*
608 765 688 835 dote
704 764 831 834 solatus
846 779 908 834 est.

342 988 401 1056 87.
431 987 456 1021 “
474 982 682 1050 Srnvtrrnru
701 977 872 1048 annonae''
890 976 1065 1048 incusante
1085 976 1199 1070 plebe,
1225 975 1341 1048 statuit
1356 971 1427 1048 fru-

291 1109 407 1164 mento
417 1094 564 1188 pretium
575 1093 668 1188 quod
679 1108 791 1163 emtor
801 1091 978 1185 penderet,
995 1099 1020 1132 ‘⁴
1030 1090 1197 1186 binosque
1207 1095 1431 1162 nummos³se

291 1207 529 1278 “additurum
552 1207 818 1304 negotiatoribus
832 1207 869 1276 in
890 1206 1043 1303 singulos
1058 1205 1257 1278 modios.”⁴
1301 1207 1430 1300 Neque

291 1338 405 1392 tamen
415 1323 460 1392 ob
472 1346 510 1392 ea
517 1322 676 1415 parentis
680 1322 979 1416 potrioe,delatum
990 1319 1146 1407 etautei,
1154 1320 1355 1394 vocabulum
1366 1319 1428 1390 ad·

234 1513 238 1523 ,
290 1435 422 1520 sumsit,
439 1434 630 1530 acerbeque
645 1436 813 1532 increpuit
837 1462 909 1523 eos,
930 1436 989 1532 qui
1012 1435 1146 1507 divinat
1171 1434 1427 1528 ooeupaomem

291 1550 472 1643 ipsumque
505 1549 674 1620 dmnimum
707 1550 885 1621 dixerant:
925 1549 1037 1620 unde.
1058 1563 1203 1644 angusta
1233 1563 1269 1619 et
1302 1546 1431 1618 lubrica

291 1661 400 1732 oratio
421 1664 485 1734 sub
507 1662 677 1758 Principe,
703 1664 762 1759 qui
782 1663 972 1735 libertatem
992 1663 1179 1748 metuebat,
1202 1660 1429 1736 adulationem

294 1777 424 1846 oderat.

342 1983 400 2042 88.
430 1973 604 2044 Rnrumo
633 1974 724 2070 apud
750 1975 932 2070 scriptores
963 1991 1202 2070 senatoresque
1228 1975 1430 2046 eorumdem

295 2104 503 2182 temporum,
530 2087 786 2186 Adgandestrii,
806 2089 965 2184 principis
988 2091 1183 2176 Cattorum,
1205 2089 1309 2160 lectas
1332 2087 1368 2158 in
1383 2113 1430 2160 se·

295 2217 376 2272 natu
405 2202 530 2289 literas,
552 2203 676 2299 quibus
703 2210 893 2274 “mortem
919 2201 1092 2274 Arminii”
1119 2201 1339 2298 promittebat
1364 2199 1431 2282 “‚si

296 2323 321 2356 “
338 2317 511 2410 patrandae
530 2317 605 2390 neci
614 2341 787 2390 venenum
803 2317 994 2388 mitteretur
1008 2318 1045 2387 :''
1063 2341 1335 2412 responsumque
1350 2339 1432 2401 esse,

296 2435 321 2470 “
347 2453 418 2500 non
434 2428 568 2518 fraude,
592 2455 705 2528 neque
722 2431 877 2517 occultis,
903 2430 963 2500 sed
992 2429 1105 2524 palam
1126 2445 1159 2500 et
1181 2446 1352 2500 armatum
1376 2453 1433 2524 po

296 2549 321 2584 “
339 2544 461 2639 pulum
480 2545 677 2636 Romanurn
701 2545 815 2615 hostes
831 2569 911 2616 auos
928 2542 1043 2615 ulcisci
1058 2543 1095 2615 :”
1114 2540 1184 2637 quai
1195 2540 1307 2640 glorio
1323 2566 1434 2638 atqua·

296 2658 355 2726 bat
370 2682 406 2728 se
428 2657 585 2728 Tiberius
608 2657 724 2752 priscis
740 2656 1013 2752 imperatoribus
1038 2656 1098 2752 qui
1115 2679 1286 2728 venenum
1302 2639 1339 2726 in
1353 2657 1433 2752 Pyr·

298 2770 402 2842 rhum
417 2795 536 2868 regem
552 2789 742 2860 vetuerant,
771 2766 1086 2869 prodiderantque.⁶
1136 2770 1307 2844 Ceterum
1321 2769 1433 2841 Armi·

341 2963 566 3056 ''Portlulilum
608 2969 710 3026 Filiam
732 2971 840 3027 Fonteii
895 2969 1013 3026 tremelio
1033 2965 1117 3024 camd
1138 2963 1303 3021 nominaret.
1333 2963 1434 3055 ‘Atia

299 3047 355 3148 Ag:
363 3065 471 3182 illicis
480 3128 611 3186 sestertii.
640 3127 727 3204 Angl.
742 3126 839 3186 83331.
892 3050 1433 3204 {lifftgztctppgalcssrifflfcfflgtgeg

300 3199 342 3260 63.
357 3205 403 3261 8d.
948 3200 962 3232 ⁶
998 3205 1161 3271 Vetuerunt,
1190 3201 1432 3278 prodiderampae.

341 3278 505 3360 ³Birtosquc
517 3305 644 3344 nummos.
686 3286 773 3361 Angl.
791 3286 840 3341 td.
897 3284 1116 3342 Memorandum
1129 3282 1203 3338 illud
1223 3281 1288 3337 fidei
1310 3293 1341 3338 et
1351 3282 1436 3339 virtu·

340 3361 406 3420 ⁴122
419 3363 544 3440 singulos
569 3365 681 3422 modios.
725 3365 842 3422 blotlius
895 3366 930 3423 tis
957 3365 1092 3422 Romanae
1119 3360 1284 3436 exemplum
1308 3360 1436 3436 contigit.

304 3443 457 3512 Romulius,
471 3464 521 3520 pro
535 3443 612 3501 ratiti
626 3445 715 3502 tritici
729 3445 843 3500 levitate
895 3463 969 3500 anno
989 3445 1025 3501 U.
1039 3445 1074 3500 C.
1087 3437 1155 3507 476.
1177 3444 1216 3496 Α.
1228 3440 1263 3496 C.
1278 3444 1349 3505 277.
1390 3439 1436 3495 Τι’·

302 3533 354 3579 out
381 3524 595 3598 ponderositate,
622 3543 668 3581 xx
692 3524 733 3579 rel
757 3541 842 3580 xxti.
896 3525 1035 3581 moclores
1059 3518 1271 3589 Ambraciensis,
1303 3521 1434 3593 (Ambra-

304 3601 445 3658 Romnnns
465 3601 551 3660 libras
573 3603 658 3660 tritici
673 3604 844 3671 continebat,
896 3605 943 3660 tia
970 3605 998 3660 in
1026 3602 1141 3679 Epirus)
1176 3598 1306 3655 Fabricio
1335 3599 1435 3656 count

304 3681 379 3740 Plin.
392 3699 488 3738 xv111.
502 3689 530 3748 7.
573 3683 661 3739 Porro
676 3683 743 3739 etim
759 3683 844 3738 Tibe·
893 3683 1035 3760 pollicitus
1057 3687 1107 3751 ert,
1127 3699 1158 3738 te
1177 3678 1318 3755 Pyrrhum
1339 3697 1434 3736 cenem

303 3763 362 3819 tius
376 3761 404 3816 iu
414 3761 537 3834 singulos
552 3761 660 3818 modios
669 3763 748 3818 binos
762 3781 844 3818 num-
893 3763 1041 3838 perfilium
1053 3780 1139 3829 mum,
1154 3759 1201 3834 qui
1209 3757 1367 3834 potionibus
1379 3760 1435 3832 q'n

303 3860 363 3897 mos
377 3842 597 3916 negotiatoribus
612 3841 735 3910 adderet,
759 3840 846 3897 fermb
895 3851 1025 3917 preerat,
1043 3848 1211 3896 necaturum.
1252 3837 1298 3893 Eo
1314 3857 1361 3894 rea
1379 3837 1435 3894 ctu

303 3921 432 3995 quintam
443 3929 551 3996 partem
561 3923 641 3998 pretii
651 3920 847 3977 solvissetide
898 3923 934 3978 ud
945 3929 1068 3978 senat-um
1083 3927 1153 3976 estet
1169 3918 1272 3986 deluto,
1292 3916 1383 3974 moris
1400 3915 1435 3972 lc·
1455 3970 1458 3976 .

305 4007 360 4054 tur.
413 3999 544 4058 Modiutn
572 4002 763 4070 recentiorem,
796 4001 844 4076 qui
895 4002 973 4076 gotis
988 3998 1125 4075 Pyrrhum
1138 3996 1251 4064 monuit,
1265 3995 1435 4053 utudormlt

304 4096 384 4134 xxv.
408 4077 494 4136 libras
520 4081 607 4138 tritici
635 4079 768 4148 continet,
799 4080 847 4135 de·
900 4081 982 4157 lujtrt
1004 4080 1114 4155 generis
1137 4076 1252 4134 insidior
1276 4077 1434 4133 curtilem

303 4157 403 4213 scribit
420 4158 465 4216 Cl.
488 4159 569 4228 Gori,
589 4157 724 4235 inscript.
746 4159 845 4234 Antip.
896 4167 1028 4236 gereret:
1063 4177 1164 4214 memor
1196 4156 1301 4212 Urbem
1332 4156 1351 4211 cl
1372 4153 1435 4229 filio

305 4235 361 4292 iul.
384 4253 407 4292 ι.
432 4255 460 4312 p.
485 4235 553 4296 263.
575 4239 631 4296 vol.
660 4257 710 4294 ιιι.
731 4259 760 4315 p.
785 4255 797 4294 1
817 4252 846 4295 et
900 4238 1008 4295 Mortis
1030 4237 1187 4302 condition,-
1209 4243 1237 4291 rt
1253 4235 1340 4291 armis
1359 4234 1434 4368 tepla,

318 4335 362 4370 (⁸.
1065 4337 1075 4364 t·
1310 4355 1316 4369 .
1371 4329 1434 4368 aer.

304 4335 317 4371 s
335 4335 544 4464 α’,ΩιιὶιΙὶῑ-ῐιιαι
556 4397 755 4474 occupationes.
792 4397 846 4453 Ea·
900 4337 1085 4454 llliixiirieiiil
1094 4315 1364 4453 {erg'rehtlelrffitcm}
1385 4392 1432 4448 Fu·

305 4474 367 4530 dem
396 4476 480 4532 habet
510 4477 662 4533 Suetonius
696 4479 725 4532 iu
748 4476 844 4532 Tibur.
901 4477 982 4533 bricii
1009 4475 1045 4530 ad
1072 4475 1213 4552 Pyrrhum
1241 4475 1343 4530 recitat
1371 4471 1433 4528 Plu·

306 4573 409 4612 xxvii.
439 4556 574 4612 Dominus
586 4555 846 4632 appellntmdqrm·
899 4555 1014 4613 tnrchus
1027 4556 1056 4612 iu
1070 4555 1189 4630 Pyrrho,
1200 4573 1228 4630 p.
1243 4549 1313 4621 396.
1347 4549 1434 4610 Paulo

305 4637 377 4706 duro,
390 4635 563 4694 denuntiavit
573 4655 606 4694 ne
615 4636 768 4712 etamplius
782 4653 845 4692 con·
899 4637 1019 4695 diversus
1033 4633 1155 4706 Gellius,
1167 4651 1218 4693 ιιι.
1229 4639 1256 4692 8.
