3200 5509
270 199 328 258 AD
350 186 424 256 LlB.
448 197 501 255 lV.
521 195 621 256 ANN.
642 195 677 255 C.
697 190 987 257 constructus.
1132 150 1190 271 lud

47 346 221 416 conventio
235 372 272 414 eo
287 350 345 414 ritu
359 349 523 435 perficitur,
536 363 579 427 ut,
593 348 673 436 aqud
688 362 719 413 et
733 348 793 432 igni
808 349 949 414 adhibitis
962 351 1083 416 duobus
1096 354 1191 436 masi·

49 460 119 530 mis
150 460 313 540 elementis,
335 476 440 523 natura
462 461 621 544 conjuncta
644 458 806 523 habeatur:
829 483 896 544 ques
921 483 967 524 res
990 461 1028 524 ad
1050 463 1191 528 sanatas

50 572 181 654 nuptias
195 571 336 656 pertinet,
357 569 466 654 quibus
482 569 634 632 flaminem
648 582 678 631 et
699 568 880 633 flaminicam
899 572 970 656 jure
989 572 1146 657 pontificio
1160 573 1191 638 in

50 681 286 744 matrimonium
299 674 420 743 necesse
434 693 479 742 est
492 677 681 741 convenire.’'
724 677 767 741 Et
788 680 880 762 paulo
899 682 981 763 pbst,
994 687 1015 719 “
1029 705 1095 745 mos
1110 685 1191 767 apud

52 802 176 854 veteres
201 790 259 853 fuit
283 787 453 853 flaminiae
476 787 624 867 flaminiae,
652 801 686 851 ut
710 811 764 872 per
787 789 996 855 sarmationem
1019 791 1050 854 in
1072 791 1191 876 nuptias

52 900 265 976 convenirent,
288 898 377 962 sellas
400 901 472 962 duas
488 900 611 984 jugatas
626 897 697 961 ovili
720 897 800 983 pelle
816 900 1015 985 superinjeetd
1039 901 1112 987 poni
1126 905 1191 989 ejus

51 1008 126 1073 ovis
141 1032 208 1092 quae
223 1008 320 1071 hostia
335 1007 447 1085 fuisset,
462 1019 492 1071 et
507 1007 549 1070 ibi
561 1010 718 1085 nubentes,
735 1006 838 1071 velatis
852 1009 1011 1093 capitibus,
1027 1011 1058 1074 in
1071 1015 1191 1077 confar-

48 1117 193 1183 reatione
204 1118 314 1182 flamen
325 1140 360 1180 ac
372 1117 522 1181 flaminica
532 1116 703 1181 residerent.
739 1116 794 1180 Ait
805 1117 924 1201 igitur,’'
939 1118 1045 1198 locavi,
1060 1121 1191 1188 “locata

50 1228 142 1290 eninr
165 1251 241 1290 uxor
260 1227 379 1305 dicitur,
403 1227 486 1310 qudd
508 1224 597 1290 simul
618 1247 688 1289 cum
709 1249 747 1289 eo
762 1229 863 1291 sedeat
885 1229 958 1291 dum
977 1233 1191 1298 confarreatur.

52 1335 325 1403 Confaneationes
354 1348 454 1399 autem
484 1334 596 1399 tonitru
621 1334 761 1399 dirimit?
805 1336 916 1400 Cetera
938 1339 1137 1420 matrimonia,
1158 1356 1193 1409 ut

53 1450 202 1510 observat
226 1445 378 1528 Pithoeus,
398 1468 436 1508 ex
460 1465 528 1507 xn.
551 1444 661 1507 tabulis
681 1445 771 1510 facild
795 1445 1044 1530 dissolvebantur,
1066 1450 1191 1518 muliere

52 1559 155 1640 domo
168 1556 288 1633 exacti,
303 1568 333 1618 et
350 1577 397 1617 res
417 1577 484 1617 suas
497 1554 607 1617 habere
614 1554 713 1639 jussi,
727 1552 923 1642 clavibusque
937 1557 1075 1624 ademtis.
1118 1561 1193 1627 Far-

51 1680 150 1731 reate
161 1665 232 1729 verb
242 1663 352 1748 nuptiae
362 1687 423 1728 uon
432 1663 646 1726 dirimebantur
655 1662 709 1727 uisi
718 1664 951 1745 diffamatione,
962 1667 1055 1747 idest,
1064 1669 1191 1737 solemni

53 1773 221 1853 sacrificio,
245 1773 309 1836 libo
337 1775 435 1836 farreo
463 1771 609 1849 adhibito,
638 1785 669 1836 et
696 1774 894 1856 presentibus
921 1778 1025 1840 decem
1054 1781 1191 1847 testibus.

52 1884 142 1948 Vide
156 1883 279 1948 Festum
293 1884 397 1960 verbo,
412 1879 612 1966 differreatio,
631 1895 662 1946 et
678 1883 829 1948 cruditum
845 1883 1045 1965 Brissonium,
1058 1888 1094 1952 de
1110 1887 1191 1956 Ritu

54 1995 250 2080 nuptiarum,
279 2000 345 2077 p.9
370 2001 402 2054 et
426 1991 486 2055 10.'
518 1990 584 2055 ch
608 1989 708 2077 itaque
736 1992 836 2056 videre
863 2007 908 2059 est
934 1997 1190 2065 confarreatorum

55 2115 195 2188 patrum,
210 2115 240 2166 et
254 2104 448 2164 farreatarum
468 2095 640 2185 nuptiarum
655 2101 738 2166 ritus.
780 2100 826 2166 Ut
839 2103 910 2169 verb
923 2104 995 2169 nibil
1009 2105 1192 2175 difficultatis

56 2211 204 2298 supersit,
226 2223 291 2276 tota
303 2208 422 2279 Tiberii
436 2209 533 2274 oratio
552 2210 657 2294 paucis
677 2211 875 2296 explananda.
918 2212 1070 2282 Disseruit
1090 2217 1192 2305 itaque

57 2320 178 2398 Cacsar,
198 2303 219 2359 ‘l
234 2319 376 2405 patricios
387 2319 579 2384 confarreatis
592 2320 765 2405 parentibus
776 2321 903 2404 genitos,
917 2334 977 2389 tres
990 2325 1079 2390 simul
1093 2329 1192 2393 nomi-

57 2432 138 2509 nari,
159 2454 196 2494 ex
219 2431 327 2516 quibus
349 2453 425 2493 unus
447 2429 604 2513 legeretur,
627 2441 744 2494 vetusto
758 2453 861 2512 more3
882 2455 980 2519 neque
994 2436 1061 2521 jam
1075 2439 1190 2518 adesse,

55 2553 95 2605 ut
114 2539 199 2618 olim,
222 2564 289 2604 eam
314 2540 445 2625 copiam,
470 2538 582 2605 omissi
601 2540 807 2604 confarreandi
829 2542 1024 2609 adsuetudine
1042 2560 1093 2611 aut
1114 2548 1191 2616 inter

56 2673 177 2737 paucos
206 2650 339 2714 retentu:
370 2649 472 2734 plures
502 2651 566 2736 ejus
594 2650 637 2714 rei
660 2674 763 2715 causas
786 2674 872 2731 csse3
893 2654 1080 2736 potissimam
1106 2659 1190 2740 verb,

57 2783 156 2846 penes
175 2760 320 2823 incuriam
343 2759 475 2822 virorum
498 2758 761 2846 foeminarumque.
805 2761 961 2826 Accedere
984 2764 1078 2849 ipsius
1105 2770 1190 2836 curi·

56 2868 171 2935 moniae
192 2866 390 2944 difficultates,
412 2889 479 2951 qua
493 2867 632 2932 consultb
653 2870 799 2934 vitantur:
822 2871 966 2954 praterea
980 2897 1062 2955 eum,
1082 2879 1137 2962 qui
1158 2881 1189 2944 id

57 2976 229 3044 flaminium
244 2975 469 3061 adipisceretur,
492 2999 618 3062 quaeque
639 2976 670 3040 iu
692 3002 814 3042 manum
835 2980 963 3045 flaminis
976 2986 1189 3066 conveniret&

52 3090 128 3176 jure
156 3086 254 3171 patrio
286 3084 377 3148 exire.
420 3085 524 3150 Veteri
552 3086 685 3172 quidem,
712 3090 764 3152 sed
791 3089 955 3156 durissima
982 3095 1195 3165 consuetudini

58 3197 242 3262 medendum
265 3198 382 3259 senatlls
397 3197 530 3274 decreto,
552 3209 604 3260 aut
625 3196 702 3281 lege.
747 3197 798 3263 Sic
814 3200 986 3285 Augustum
1000 3208 1138 3290 quadam
1151 3233 1190 3275 ex

57 3306 183 3371 horridrl
199 3304 252 3368 ills
265 3305 451 3391 antiquitate,
462 3307 500 3369 ad
514 3319 689 3391 praesentem
705 3331 792 3372 usum
807 3310 971 3376 flexisse.”·
983 3347 992 3368 ·
1003 3346 1013 3368 ·
1024 3309 1206 3385 0Tmcatae'

58 3430 132 3481 sunt
147 3413 321 3498 religiones:
346 3415 460 3500 placuit
474 3416 609 3481 instituto
626 3418 781 3483 flaminum
795 3419 867 3483 nihil
882 3421 1038 3488 demutari.
1082 3425 1190 3492 Sanci-
1259 3409 1262 3412 .

60 3537 128 3589 tum
150 3539 250 3589 tamen
271 3524 452 3589 flaminieam
475 3525 599 3591 Dialem
621 3552 775 3593 sacrorum
796 3530 887 3595 causa
906 3530 938 3594 iu
959 3546 1110 3616 potestate
1135 3535 1207 3624 viri·

60 3638 206 3713 futuram,
221 3647 319 3699 cetera
341 3637 514 3720 promiscuo
528 3637 747 3702 foeminarum
732 3662 804 3725 Jure
817 3655 962 3706 acturam.
1005 3643 1044 3710 ln
1057 3645 1194 3712 ontioae

57 3743 189 3822 Tiberii,
212 3756 241 3807 et
262 3745 383 3830 quandd
410 3748 513 3826 exiret,
535 3747 567 3810 id
590 3761 646 3826 est,
673 3759 702 3812 et
724 3751 796 3836 qvia
820 3750 922 3817 exiret
967 3752 1124 3850 Nihilque
1146 3757 1198 3821 ble

59 3867 201 3925 truncum
216 3878 252 3918 ac
267 3854 416 3936 mutilum,
432 3869 465 3919 ut
479 3855 600 3921 volebat
617 3858 749 3943 Lipsius.

106 4055 194 4121 Csv.
221 4066 268 4122 18
293 4057 354 4123 St
343 4082 371 4123 ιο
396 4073 435 4138 et,
463 4061 553 4146 qudd.
582 4060 645 4128 Ita
669 4066 776 4130 meritb
795 4067 955 4134 distinxere
979 4079 1072 4182 A&
1057 4082 1270 4210 ὶδῶχῶ
1217 4066 1249 4115 ‘l

61 4163 217 4230 Emestus
261 4167 298 4232 ln
313 4168 462 4235 veteribus
470 4168 569 4254 lrbns,
583 4171 694 4285 Silio,
685 4185 715 4240 et
727 4174 816 4265 qvid
