3200 5509
313 200 369 256 ab
392 195 1028 258 mn.1V.ANN.C.CORN.Tnc1T1.
1173 201 1231 261 401

163 725 231 793 nn
254 709 591 796 ursimannus
612 731 940 800 normannum
963 729 1175 800 marnas,
1236 711 1243 813 ’ζ

146 1051 262 1117 Tiberii
276 1067 361 1119 aetate
383 1057 524 1122 militares
546 1058 757 1123 Romanorum
779 1060 855 1127 vires
875 1063 1034 1127 constitere
1048 1059 1179 1147 quinque
1200 1072 1231 1126 et

105 1161 208 1245 viginti
236 1164 413 1246 legionibus,
440 1192 518 1253 quae,
547 1168 571 1231 si
598 1192 636 1232 ex
665 1169 843 1253 Vegetianb,
873 1194 913 1236 11.
943 1173 973 1236 6.
1003 1170 1233 1256 computatione

104 1273 299 1353 aestimentur,
328 1275 461 1340 efficiunt
484 1279 619 1361 peditum
890 1268 963 1337 ...ζ
972 1313 1088 1336 ······
1099 1287 1233 1359 152‚500

483 1388 618 1471 equitum
634 1421 1088 1444 ······················
1118 1395 1231 1467 18,150

148 1492 268 1578 Cuique
290 1492 399 1577 legioni
420 1518 473 1558 sua
495 1509 558 1559 erat
579 1496 740 1577 vexillatio,
763 1523 830 1584 quae
855 1499 970 1560 videtur
996 1495 1088 1561 fuisse
1111 1497 1230 1561 circiter

106 1611 200 1680 1,200
223 1603 389 1666 hominurn.
434 1605 590 1668 Numerus
616 1605 717 1691 itaque
740 1606 963 1671 vexillariorum
971 1639 1083 1663 ······
1112 1598 1236 1686 so,000'

104 1708 226 1775 Novem
242 1726 325 1776 erant
334 1714 479 1798 praetoriae
489 1715 664 1778 cohortes·
678 1689 699 1771 ‚⁰
698 1748 1088 1772 ···················
1134 1722 1236 1798 9‚000y

101 1819 180 1886 Tres
191 1826 310 1886 urbanae
318 1824 536 1887 cohortes.···'
548 1858 1087 1883 ..........................
1133 1806 1234 1902 4,500’

146 1916 306 1997 Praeterea
319 1941 339 1971 “
355 1933 511 1998 Romanus
531 1933 662 2018 populus
684 1958 740 2018 pro
759 1937 867 1997 decore
881 1949 911 1997 et
934 1933 1061 1998 utilitate
1081 1931 1230 2016 magnitu-

101 2041 178 2106 dinis
200 2065 270 2120 auae,
299 2065 360 2105 non
386 2056 512 2126 propter
539 2044 745 2106 necessitatem
775 2043 922 2106 tumultlrs
949 2043 1077 2130 alicujus
1100 2029 1235 2106 classen

101 2155 229 2237 parabat
242 2175 279 2214 ex
295 2167 449 2236 tempore:
474 2154 536 2230 sed,
556 2175 592 2214 ne
607 2153 727 2236 quandd
743 2153 948 2217 necessitatem
968 2153 1136 2231 sustineret,
1149 2173 1231 2240 sem-¹

101 2283 156 2346 per
171 2261 276 2324 habuit
297 2263 524 2346 praeparatam,''
547 2262 654 2344 Veget.
671 2285 701 2323 v.
720 2274 746 2326 1.
790 2260 861 2325 Nec
877 2286 966 2325 unam
990 2261 1138 2345 fingamus
1152 2259 1230 2348 clas-'v

102 2393 184 2434 sem:
218 2392 268 2432 serr
304 2371 409 2434 habuit
439 2370 572 2455 populus
598 2370 766 2449 Romanus,
799 2386 928 2457 quatuor
953 2368 1128 2448 maritimas,
1154 2367 1230 2459 duas

101 2478 269 2545 fluviatiles.
315 2478 479 2543 Maritima
502 2479 681 2560 triremibus,
704 2478 839 2558 libnmis,
861 2480 986 2544 navibus
1008 2479 1141 2545 rostratis
1155 2478 1229 2566 con-³¹

14 2588 16 2591 ’
100 2593 236 2655 stabant:
261 2588 428 2669 fluviatiles,
442 2589 571 2666 lusoriis,
585 2602 618 2652 ut
630 2612 680 2652 eas
694 2589 829 2674 appellat
842 2589 999 2675 Vegetius,
1016 2611 1056 2653 11.
1075 2600 1103 2653 l.
1145 2571 1228 2672 Inter

99 2699 265 2763 maritimas
288 2701 354 2763 drrae
371 2712 452 2761 erant
472 2698 620 2783 primariae
644 2712 673 2762 et
696 2697 856 2765 Praetoria
877 2701 958 2765 utin
977 2698 1227 2785 Inscriptionibus

100 2811 309 2875 nominantur:
346 2808 439 2872 altera
468 2807 678 2887 Misenatium,
708 2809 929 2875 Rauennatium
960 2810 1071 2874 altera:
1102 2822 1229 2894 unaque

99 2918 223 3003 singulis
248 2918 415 3001 legionibus
439 2919 592 2996 instructa,
623 2931 698 2982 teste
723 2919 862 3003 Vegetio,
889 2942 921 2981 v.
950 2931 975 2982 l.
1014 2918 1227 2987 Praetoriarum

100 3029 192 3092 veluti
208 3020 420 3093 vicariae'erant
433 3031 499 3090 duae
511 3027 575 3091 aliae
591 3028 747 3090 maritimae
762 3027 870 3092 classes
885 3052 955 3092 cum
970 3027 1067 3091 valido
1082 3029 1227 3112 remigi03

101 3136 195 3203 altera
209 3138 367 3222 Forojulii,
382 3161 434 3201 seu
449 3137 588 3202 Gallica:
611 3138 703 3201 altera
717 3142 747 3201 in
770 3137 885 3216 Ponto,
900 3162 952 3202 seu
975 3138 1112 3219 Pontica,
1125 3139 1226 3205 Tacit.

101 3248 185 3314 Hist.
202 3270 244 3314 11.
267 3257 318 3313 83.
364 3247 393 3310 Ε
419 3247 612 3311 fluviatilibus
636 3246 791 3327 classibus,
814 3248 906 3313 altera
931 3249 961 3313 in
988 3247 1107 3327 Rheno,
1135 3274 1227 3337 quam

101 3358 317 3425 Germanicam
338 3359 461 3423 classem
487 3358 620 3442 appellat
637 3359 773 3437 Tacitus,
790 3359 873 3422 Hist.
891 3381 915 3421 1.
934 3368 984 3425 58.
1029 3357 1066 3421 In
1082 3359 1227 3428 Danubio

101 3469 204 3548 altera,
226 3471 264 3532 de
288 3468 348 3555 qud
367 3468 505 3546 Tacitus,
528 3468 638 3531 Annal.
655 3477 789 3531 x11.30.
833 3470 878 3531 At
901 3481 976 3552 quot
997 3468 1131 3547 navibus,
1152 3485 1228 3552 quot

100 3578 273 3642 hominibus
294 3590 464 3642 constarent
485 3575 592 3640 classes
615 3576 685 3656 illae,
703 3577 782 3640 haud
799 3576 842 3640 ita
859 3591 1060 3661 compertum.
1105 3578 1227 3644 Mariti·

99 3711 164 3760 mas
179 3688 296 3771 imperii
312 3687 388 3751 vires
405 3710 442 3751 ex
464 3687 594 3750 Actiaca
618 3687 721 3771 pugnit
744 3687 944 3751 aestimemus:
968 3689 1005 3749 ad
1019 3686 1103 3754 illam
1118 3711 1229 3754 conve·

99 3821 170 3862 nere
195 3821 283 3862 naves
316 3806 415 3877 l,200.
460 3794 628 3882 Plusqualm
654 3797 883 3882 quadringentas
910 3797 1043 3864 habebat
1072 3798 1232 3877 Octavius,

100 3908 252 3972 Antonius
271 3894 473 3991 octingentas,
487 3907 686 3970 annumeratis
708 3907 860 3985 onerariis,
882 3907 1043 3980 Plutarch.
1066 3919 1103 3992 'm
1126 3911 1241 3977 Antan.

99 4039 132 4101 p·
157 4028 230 4089 941.
277 4017 396 4082 Demus
421 4017 575 4081 dimidiam
601 4018 717 4080 taatdm
740 4031 855 4099 partem
885 4018 992 4101 posteal
1024 4031 1156 4123 {meg
1185 4013 1256 4074 sunt

99 4127 164 4198 600
190 4150 297 4209 navea;
332 4129 441 4214 quibus
464 4128 488 4190 si
518 4126 641 4210 singulis
670 4135 729 4192 150
754 4127 888 4190 homines
919 4131 1084 4255 attr'st,¹1³
1122 4164 1180 4225 οὓ,
1207 4116 1276 4202 daut
1325 4177 1327 4181 .

96 4235 234 4302 homines
246 4271 985 4304 ...................................
1004 4297 1020 4322 ἱ
1080 4202 1125 4264 ¹⁹
1180 4217 1301 4325 90ῼῦ

1041 4320 1158 4393 ἠ’
