3200 5509
312 594 368 647 10‘2
688 590 724 649 C.
743 588 942 649 CORNELII
961 588 1097 649 'rtem
1216 586 1265 649 Ἀ.
1278 590 1316 650 U.
1329 593 1366 650 C.
1378 586 1446 660 ⁷69.

309 752 336 789 “
351 744 488 832 vianne,
532 744 604 839 pari
637 742 789 833 lerodi,
840 760 875 817 et
914 743 1020 816 veluti
1064 742 1154 816 aucti
1202 766 1351 817 ntmero
1397 744 1446 817 in

309 858 514 956 rupissent.”

358 1100 418 1163 26.
445 1092 662 1163 Rnnucros
694 1090 774 1163 inde
805 1090 841 1163 in
875 1090 1017 1163 hiberna
1047 1088 1157 1177 miles,
1192 1090 1291 1162 laetua
1318 1086 1446 1175 animi,¹

310 1204 408 1303 quod
423 1207 563 1277 adversa
579 1204 694 1293 maris,
709 1204 926 1300 expeditione
951 1202 1114 1301 prosperi
1140 1202 1366 1300 pensaviaeet:
1391 1204 1449 1274 ad·

310 1319 396 1391 didit
411 1320 676 1391 munificentiam
692 1322 823 1407 Caesar,
843 1336 1009 1415 quantum
1035 1318 1111 1414 quis
1136 1316 1252 1389 damni
1276 1314 1449 1412 profem

310 1451 396 1521 erat,
421 1432 642 1503 exsolvendo.
690 1434 768 1507 Nec
793 1432 939 1505 dubium
964 1433 1164 1520 habebatur,
1180 1431 1295 1503 labare
1321 1431 1449 1519 hosta,

282 1640 289 1649 .
310 1546 536 1643 petendaeque
551 1547 643 1642 pacis
657 1547 796 1619 consilia
814 1572 963 1635 sumere,
984 1548 1062 1618 etsi
1078 1544 1237 1642 proxima
1256 1560 1356 1617 aestas
1369 1544 1450 1643 adji-

312 1677 460 1749 ceretur,
472 1685 570 1756 posse
584 1659 716 1732 bellum
737 1660 884 1755 patrari:
910 1662 970 1733 sed
987 1660 1115 1733 crebris
1129 1658 1277 1754 epistolia
1292 1658 1450 1731 uberius

313 1776 486 1863 monebat,
524 1774 691 1846 “rediret
718 1776 762 1846 ad
796 1776 974 1847 decretum
1000 1774 1237 1870 triumphum:
1275 1774 1355 1845 satis
1378 1775 1449 1871 jam

313 1896 340 1931 “
356 1906 554 1976 eventuum,
570 1888 648 1961 satis
663 1914 826 1961 casuum:
852 1914 1015 1987 prospera
1030 1890 1078 1961 illi
1103 1906 1138 1961 et
1161 1910 1288 1985 magna
1312 1886 1448 1983 praelia:

313 2010 342 2045 “
357 2028 478 2074 eorum
506 2028 646 2101 quoque
668 2003 888 2091 meminisset,
915 2030 994 2099 quae
1016 2002 1108 2075 venti
1132 2018 1166 2075 et
1194 2000 1331 2088 fluctus,
1355 1999 1451 2073 nulli

315 2125 341 2160 “
357 2116 454 2189 ducis
465 2116 580 2211 culpi,
596 2114 712 2213 gravia
733 2132 849 2187 tamen
864 2133 898 2187 et
920 2141 1010 2188 saeva
1031 2116 1156 2187 damna
1179 2112 1390 2186 intulisses:
1416 2138 1452 2187 se

315 2230 474 2303 “novies
502 2228 523 2301 i
557 2230 637 2301 divo
661 2234 823 2327 Augusto
851 2229 886 2301 in
912 2230 1134 2302 Germaniam
1170 2228 1325 2317 nissum,
1354 2228 1454 2323 plura

315 2343 499 2417 “consilio
524 2346 631 2440 quim
653 2344 688 2415 vi
702 2342 893 2439 perfecisse.
944 2344 999 2418 Sic
1016 2344 1251 2441 Sugambros⁸
1265 2343 1302 2415 in
1314 2342 1453 2415 deditio-

315 2466 342 2503 “
358 2482 439 2529 nem
456 2476 626 2554 acceptos,
638 2459 684 2530 sic
701 2462 846 2546 Suevos,
862 2484 1047 2557 regemque
1068 2456 1347 2530 Maroboduum
1372 2480 1452 2552 pace

315 2579 342 2613 ‘⁴
357 2571 579 2643 obstrictum:
618 2598 717 2677 posse
754 2592 788 2645 et
818 2574 1025 2663 Cheruscos,
1053 2591 1250 2669 ceterasque
1273 2572 1453 2645 rebellium

315 2692 341 2731 ‘⁶
357 2700 489 2780 gentes,
504 2685 645 2780 quando
663 2687 832 2759 Romanae
848 2688 967 2761 ultioni
982 2686 1176 2760 consultum
1200 2704 1300 2774 esset,
1315 2686 1453 2759 internis

317 2797 534 2869 “discordiis
558 2797 742 2894 relinqui.”
803 2802 966 2873 Precante
990 2801 1198 2875 Germanico
1232 2824 1363 2873 annum
1386 2800 1453 2873 effi·

316 2911 443 2983 ciendis
459 2910 723 3006 coeptis,ac1itis
748 2914 948 2988 modestiam
974 2916 1046 3013 ejus
1071 2912 1282 3011 adgreditur,
1308 2914 1454 2987 altemm

315 3026 531 3097 consulatum
555 3024 745 3115 offerend0,
760 3030 858 3123 cujus
881 3027 998 3099 munia
1023 3050 1172 3123 praesens
1194 3026 1327 3100 obirett
1353 3026 1452 3101 simtrl

315 3140 528 3225 adnectebat,
553 3138 624 3210 “si
651 3136 741 3211 foret
767 3140 880 3212 adbuc
909 3142 1121 3229 bellandum,
1148 3140 1358 3237 relinqueret
1384 3166 1453 3214 tna·

315 3261 342 3295 “
358 3251 479 3324 teriem
493 3252 601 3323 Drusi
624 3249 760 3324 fiatris⁴
786 3254 920 3351 gloriae,
948 3254 1008 3349 qui
1028 3254 1124 3325 nullo
1148 3270 1225 3327 tum
1251 3253 1318 3325 alio
1344 3254 1453 3346 hoste,

282 3374 342 3441 υ(
357 3366 492 3438 nonnisi
507 3365 599 3459 apud
628 3366 832 3439 Germanias
855 3368 994 3462 adsequi
1021 3390 1149 3439 nomen
1173 3367 1453 3464 imperatorium,5

314 3486 345 3573 “¹
358 3497 392 3552 et
407 3480 587 3575 deportare
602 3479 753 3550 lauream
767 3482 918 3576 posset.’'
968 3482 1073 3553 Haud
1091 3498 1268 3553 cunctatus
1292 3498 1343 3554 est
1367 3484 1455 3557 ultra

315 3593 558 3679 Gennanicus,
578 3616 787 3688 quamquam
803 3594 887 3692 fingi
903 3618 956 3683 ea,
975 3620 1079 3690 seque
1095 3620 1157 3691 per
1171 3595 1333 3668 invidiam
1357 3614 1453 3697 parto

313 3708 384 3806 jam
400 3706 517 3779 decori
532 3706 679 3777 abstrahi
693 3706 906 3807 intelligeret.

357 3854 581 3913 'Latusanimt
614 3856 689 3913 vide
702 3856 852 3917 Ruhnken.
915 3860 1128 3929 roboduus‚rrx
1143 3860 1300 3929 lluiobcmi,
1314 3858 1452 3920 Bolentia.

313 3936 350 3993 nd
365 3934 441 3991 vett.
455 3936 565 3993 Patere.
576 3934 628 3991 lib.
640 3952 677 3991 n.
689 3954 755 4012 cap.
767 3945 817 4004 93.
916 3942 992 3999 lnt'ra
1004 3960 1068 4017 cap.
1082 3947 1131 3999 44.

354 4013 555 4091 ‘Sugambros
590 4014 797 4089 Sugambriwl
812 4019 856 4075 Si·
953 4018 1073 4077 ⁴Drusi
1093 4019 1214 4098 fratris.
1257 4022 1378 4093 Drusus,
1406 4020 1453 4080 Ti·

313 4094 433 4171 cembti‚
446 4092 464 4149 l
476 4093 562 4149 durio
575 4090 649 4168 Siga,
661 4093 738 4171 Sieg,
751 4114 852 4156 nomon
915 4098 982 4159 berii
1001 4100 1085 4155 filius.
1125 4100 1315 4158 Germanicus
1333 4102 1352 4159 d
1372 4102 1453 4161 Tibe·

312 4174 466 4232 ducebant.
499 4172 739 4231 Transrhenanum
753 4196 852 4235 eorum
914 4180 955 4235 rio
968 4180 1128 4254 adoptatus.

311 4254 416 4322 aedem,
440 4252 592 4329 Luppiam,
613 4252 710 4329 Lippc,
732 4256 804 4312 inter
825 4270 854 4315 ot
955 4256 1092 4327 'Nomen
1137 4258 1361 4335 lmpemtoriem.
1412 4262 1451 4319 Ile

312 4335 422 4400 Cattos,
447 4330 546 4400 Heme,
567 4349 744 4408 occupavere
759 4336 850 4411 Usipii
914 4334 1048 4413 praeclari.
1073 4334 1150 4413 gesti
1182 4340 1242 4396 dux
1276 4340 1451 4399 salutabatur

311 4424 341 4469 et
367 4410 507 4485 Tencteri.
559 4410 614 4467 Eos
638 4427 753 4489 quoquo
785 4423 851 4470 Σον-
914 4416 1089 4494 Imperator:
1111 4430 1139 4475 et
1161 4418 1281 4477 Romam
1307 4420 1448 4493 redux,ac

309 4484 851 4570 »MemappellntStrabo,vrt.p.990.
914 4496 1101 4573 triumphalis,
1115 4497 1236 4555 lauream
1257 4500 1285 4556 in
1304 4498 1450 4577 Capitolini

351 4566 850 4646 ³Suetos,regemquelllarododuum.
913 4574 994 4633 Jovis
1019 4575 1125 4651 gremio
1158 4580 1314 4653 reponebat.
1356 4583 1448 4638 Some.

311 4650 397 4708 Sucri
423 4650 495 4705 iotcr
517 4648 627 4717 Albim,
651 4652 698 4707 tlte
718 4652 796 4719 Ellc,
822 4666 851 4711 ot
914 4656 1027 4715 Consul.
1040 4656 1076 4713 ad
1089 4656 1273 4727 llelrinmx.

310 4729 464 4799 l'istulam,
477 4726 523 4785 tte
538 4728 658 4801 l'istula,
670 4731 763 4807 positi.
785 4733 850 4789 Mo·
