3200 5509
317 494 376 559 462
612 497 734 559 NOTAE
755 500 806 559 ΕΤ
828 500 1157 567 EMENDATIONFs

318 649 473 731 Pollione,
497 650 534 716 C.
558 651 697 717 Antistio
715 664 815 718 uetere
838 653 921 719 Coss.
942 658 986 721 A.
1012 657 1051 723 U.
1075 658 1112 723 C.
1129 667 1201 730 775.
1217 660 1299 747 quod
1310 662 1434 730 oriretur

305 761 405 852 sutili
422 760 509 849 paui
532 762 569 827 de
593 761 695 841 cousi,
716 765 785 828 edm
814 763 851 829 C.
876 764 1029 853 Sulpicius
1052 768 1169 849 Galba,
1191 770 1263 835 dum
1276 773 1437 859 juvenalae

305 874 434 962 famam
448 872 532 958 apud
546 871 725 959 Principem
734 876 921 959 popinarum
929 878 1027 963 panis
1041 892 1222 964 aucupatur,
1245 891 1364 969 questus
1380 896 1439 947 esset

314 986 350 1050 iu
374 998 490 1063 mnata,
515 981 608 1070 vulgi
632 984 782 1048 institores
805 988 869 1072 ejus
891 986 985 1073 eulpa
1012 988 1136 1077 &feriali
1160 990 1272 1056 anulis.
1321 993 1442 1059 Hcicde

315 1094 408 1163 coast
427 1095 632 1172 coustitutum,
654 1118 691 1159 ue
710 1098 828 1183 cuijus
847 1098 882 1161 id
893 1110 977 1179 suet,
1001 1101 1060 1165 nui
1073 1102 1123 1166 cui
1136 1104 1266 1190 ingenuo
1280 1105 1348 1190 apsi,
1366 1107 1443 1191 patri

314 1228 433 1293 eumue
458 1216 592 1292 patemo
627 1209 763 1271 sestertia
799 1228 903 1273 cccc.
934 1208 1032 1297 Augl.
1062 1211 1169 1278 88831.
1197 1216 1242 1279 δι.
1272 1214 1325 1279 ed.
1353 1236 1443 1279 cesum

305 1316 432 1408 fuisset,
452 1328 481 1381 et
501 1316 566 1403 lege
587 1314 679 1382 Jotit
699 1318 848 1383 theatrali
867 1320 903 1382 iu
926 1328 974 1385 14.
993 1321 1152 1386 ordinibus
1168 1323 1303 1388 sedendi.
1358 1324 1443 1388 Nunc

314 1429 388 1493 vend
401 1428 564 1507 remittere,
576 1450 634 1511 pro
648 1428 758 1492 iterum
772 1430 902 1509 mittere,
912 1430 1101 1516 permittere,
1115 1432 1173 1496 dici
1189 1432 1230 1496 ita
1248 1446 1444 1517 compertum,

313 1553 349 1605 ut
369 1536 518 1623 exemplis
539 1538 762 1623 supersedeam,
784 1537 858 1603 licet
876 1540 906 1603 id
926 1539 1065 1605 latinitati
1086 1564 1254 1627 repugnare
1273 1543 1443 1626 pronuntiet

314 1650 473 1726 Ernestus,
498 1660 529 1711 et
553 1670 624 1713 cum
651 1647 768 1733 In'psio,
792 1648 999 1714 Freinshemio
1020 1651 1146 1737 aliisque
1168 1651 1309 1735 plurimis
1334 1652 1446 1717 AEdile·

312 1760 390 1825 cord
409 1758 568 1823 coercendi
586 1757 676 1822 luxtls
695 1759 789 1823 fuisse
810 1773 990 1826 exoneratos
1011 1764 1181 1826 contendat.
1233 1762 1287 1829 Sic
1312 1762 1446 1842 Dureau,

314 1872 451 1958 dt'spema
466 1869 507 1934 les
522 1867 630 1933 Ediles
642 1868 679 1933 de
687 1869 806 1955 porcils
818 1872 909 1935 sains.

357 1980 475 2047 Rerum
488 1979 614 2066 adeptus
626 1991 679 2044 est
722 1980 857 2053 Quidam
872 1983 1043 2061 emendant,
1065 1982 1293 2071 rempublicam.
1339 1980 1449 2045 Imme-

312 2090 381 2158 ritd.
425 2090 625 2156 Archaiarnus
646 2090 729 2155 enim
750 2103 808 2171 est,
833 2106 867 2156 ιιι
887 2093 971 2157 recte
990 2095 1131 2158 observat
1150 2094 1293 2181 lipsius3
1316 2094 1364 2159 sic
1379 2094 1449 2159 infir

311 2200 424 2265 Annal.
440 2223 490 2267 vr.
505 2209 559 2266 45.
572 2200 645 2264 dum
659 2200 876 2266 dammationis
890 2205 1084 2291 apisceretur.

354 2312 412 2377 Ad
432 2320 580 2378 senectam
598 2313 805 2398 peruenirent.
851 2312 965 2377 Mallet
989 2314 1146 2394 Ernestus,
1164 2316 1385 2400 peruenissent,
1407 2310 1448 2378 vel

304 2434 518 2511 peruenerant.
543 2422 764 2488 Grammaticd.
787 2424 849 2486 Sed
863 2425 943 2487 haud
957 2423 997 2487 ita
1011 2423 1138 2508 diligens
1150 2423 1288 2489 Tacitus.

356 2532 648 2599 Verdmkacrrodis.
681 2531 720 2596 In
733 2531 865 2596 editione
881 2532 1018 2617 principe
1032 2532 1152 2616 legitur,
1167 2534 1271 2599 uenlm
1284 2535 1352 2601 lucc
1367 2535 1449 2599 nobis
1544 2550 1545 2565 ³

308 2646 437 2730 majores
451 2644 617 2707 certamina
631 2666 667 2709 ee
680 2643 803 2707 Ιιοιιιιιο
816 2654 970 2709 moueant.
1015 2642 1095 2707 Sans
1110 2642 1223 2723 omnia,
1236 2656 1267 2709 et
1280 2644 1447 2711 orationem

308 2756 347 2821 ud
359 2756 491 2841 majores
504 2753 639 2817 converti
653 2752 825 2817 existimant
840 2752 997 2834 Heinsius,
1013 2768 1043 2817 et
1058 2752 1234 2818 Salinerius.
1256 2753 1336 2819 Vide
1356 2754 1446 2819 Misc.

308 2866 389 2932 obs.
405 2886 457 2928 ιιι.
472 2874 547 2937 393.
589 2862 692 2927 Ceteri
706 2862 808 2927 vitiato
822 2875 938 2947 putant,
952 2876 985 2926 et
998 2864 1158 2929 emendare
1170 2866 1301 2929 student.
1344 2863 1447 2929 Corri-

305 2976 350 3060 git
377 2974 511 3061 Lipsius,
537 2976 573 3039 iu
606 2976 761 3061 majores.-
799 2974 975 3053 Rhenanus,
1010 2996 1083 3061 erga
1110 2976 1263 3061 majores.-
1301 2975 1444 3055 Faernus,

306 3085 448 3151 adamsslc
466 3087 612 3171 majores:
634 3083 803 3161 Acidaliae,
814 3106 942 3170 quorum
952 3084 1012 3149 leae
1023 3083 1111 3148 nobs's
1123 3085 1157 3147 iu
1171 3087 1311 3171 majores.
1358 3085 1442 3149 Visus

305 3194 406 3275 aliam,
429 3208 461 3260 et
482 3194 652 3281 perspicaci
673 3216 731 3259 suo
753 3192 873 3276 ingenio
902 3192 1036 3277 diguam,
1063 3192 1129 3258 iniit
1154 3191 1269 3257 Hlustr.
1300 3194 1442 3275 Huetiua,

305 3306 427 3393 quidsi
452 3306 596 3393 legamus,
620 3305 729 3391 inquit,
750 3303 856 3368 verum
876 3304 941 3367 haec
960 3301 1049 3366 nobis
1067 3303 1165 3389 major
1187 3326 1244 3384 res,
1263 3304 1321 3369 lunc
1340 3328 1441 3369 sensu:

309 3414 448 3483 Veram
436 3440 470 3480 ιιι
478 3414 615 3500 prutiud
629 3414 784 3479 honestate
804 3411 963 3477 retinendi
976 3411 1025 3477 vel
1041 3412 1248 3499 recuperandi
1264 3413 1337 3498 plus
1360 3414 1441 3479 modis

305 3526 589 3604 erittalroraudum,
603 3520 1114 3612 quddpturalutusetcarruptela
1125 3522 1440 3621 ecemplahabeamsu.

304 3638 352 3704 At
360 3638 479 3702 felicior
490 3636 685 3701 Boxhomius
695 3634 816 3719 egregie
831 3634 977 3699 distinxit.
1003 3632 1035 3697 V
1031 3633 1114 3699 erum
1128 3633 1189 3699 liae
1202 3634 1291 3699 nobis
1304 3638 1440 3723 majores.

308 3748 488 3815 Certamina
507 3768 544 3811 ec
562 3749 682 3813 lanuto
698 3756 855 3809 maneant.
901 3744 982 3809 Haec
1001 3744 1089 3809 nobis
1106 3745 1238 3829 majores
1253 3748 1292 3809 ab
1312 3744 1439 3811 Actae

305 3852 432 3923 victoria
453 3858 492 3921 ad
512 3853 649 3921 Gallium
666 3854 767 3935 lusda,
786 3854 932 3919 tGalbt
952 3856 992 3919 ad
1011 3876 1066 3917 nos
1085 3852 1280 3938 parcimoniae
1285 3838 1437 3939 exempla

305 3965 465 4054 reliquere.
508 3966 584 4031 Non
596 3990 635 4031 en
649 3966 735 4046 luxu,
748 3968 803 4031 sed
816 3988 854 4029 er
867 3966 995 4031 honesto
1008 3964 1173 4031 certamina
1184 3978 1335 4031 maneant.

347 4180 437 4245 Cre.
459 4190 512 4251 57.
556 4180 698 4246 Publicis
717 4180 925 4266 privatianus
945 4180 1148 4247 monimentis.
1198 4179 1248 4245 Ita
1270 4190 1384 4265 veteres
1406 4190 1433 4241 et

305 4303 440 4357 recentes
465 4290 619 4355 editiones.
676 4288 714 4355 ln
737 4290 845 4356 mediis
874 4290 1065 4377 quibusdam,
1092 4291 1290 4427 priuatisque
1344 4287 1433 4361 Quod

301 4400 432 4527 ltlureto
445 4422 568 4487 quoque
581 4400 732 4487 placebat
