3200 5509
302 537 359 601 262
657 536 692 596 C.
713 530 909 597 CORNELH
928 529 1068 595 Tsct'n
1213 539 1253 597 Α.
1266 539 1303 599 U.
1315 539 1426 607 CM.

299 696 396 785 erat,¹
409 712 616 790 quamquam
627 706 843 786 presentem,
858 687 985 785 scripto
998 687 1113 761 adire:
1139 690 1212 787 ejus
1225 690 1303 765 talis
1316 688 1428 766 forma

299 810 374 883 fuit.
425 816 449 851 “
467 803 707 879 Benevolentii
728 803 832 901 patris
852 802 1015 901 Augusti,
1030 820 1065 875 et
1085 827 1171 877 mox
1190 805 1348 901 pluribtu
1370 806 1429 879 Ίῖ.

300 933 325 969 “
341 921 425 996 ben'i
437 920 583 1020 judiciis,
594 918 639 991 ita
653 918 848 1006 insuevisse,
860 934 899 991 ut
914 932 991 1013 spes
1005 933 1152 1015 uotaque
1167 942 1230 991 sua
1243 942 1316 991 non
1331 918 1429 1015 prius

299 1038 384 1108 “ad
408 1030 637 1129 Deos,quim
660 1034 703 1105 ad
727 1032 925 1128 Principum
945 1054 1045 1105 aures
1071 1030 1253 1105 conferret.
1301 1035 1430 1131 Neque

298 1148 513 1248 “fulgorem
538 1146 710 1219 honorum
734 1168 900 1242 umquam
922 1162 1120 1242 precatum:
1145 1145 1307 1221 excubias
1320 1172 1363 1221 ac
1384 1148 1432 1219 la-

296 1274 323 1311 “
339 1266 454 1353 bores,
470 1278 509 1334 ut
525 1284 633 1332 unum
656 1257 872 1349 dssntilittius,
888 1284 953 1355 pro
966 1259 1199 1333 incolumitate
1211 1261 1430 1357 imperatoris

297 1388 324 1425 ‘⁶
341 1378 452 1450 malle.
503 1378 677 1457 Attamen,
694 1374 787 1469 quod
803 1373 1086 1470 pulcherrimum,
1101 1374 1276 1470 adeptum,
1293 1392 1334 1447 ut
1347 1399 1427 1449 con·

297 1490 511 1591 “junctione
529 1485 691 1561 caesaris
706 1486 830 1584 dignus
851 1487 1067 1563 crederetur:
1093 1487 1173 1560 ltine
1194 1487 1328 1563 initium
1346 1489 1427 1585 spei.

296 1608 386 1679 “Et
412 1601 572 1701 quoniam
599 1600 763 1673 audiverit
793 1605 1008 1697 Augustum,
1031 1600 1067 1672 in
1095 1601 1309 1675 conlocandi
1332 1602 1429 1690 filii,¹

296 1720 325 1765 '⁴‘
340 1716 492 1791 nonnihil
509 1714 609 1787 etiam
630 1715 673 1787 de
698 1714 866 1811 equitibus
891 1714 1056 1786 Romanis
1079 1716 1363 1789 commossem*
1384 1718 1432 1789 ita

285 1841 324 1877 ·“
341 1832 368 1905 si
384 1830 523 1903 maritus
541 1825 646 1900 Liviae
663 1843 887 1924 quaereretur,
902 1826 1043 1899 haberet
1065 1826 1103 1898 in
1127 1826 1241 1901 animo
1265 1828 1429 1919 amicum,

298 1945 414 2019 “sols
440 1940 691 2016 necessitudinis
723 1938 833 2038 glorii
862 1964 1016 2012 usurum.
1065 1939 1150 2012 Non
1176 1940 1269 2013 enim
1301 1966 1430 2017 exuere

297 2069 323 2105 “
339 2056 494 2155 imposita
505 2054 641 2129 munia:
659 2054 737 2127 satis
752 2054 932 2143 estimare,
947 2053 1076 2126 firmari
1088 2054 1230 2127 domum
1242 2055 1429 2131 adversum

297 2173 469 2271 “iniquas
494 2168 695 2267 Agrippina
720 2167 944 2258 offensiones,
970 2168 1074 2265 idque
1098 2166 1285 2241 liberorum
1300 2170 1428 2242 caussis.5

299 2289 432 2360 “Nam
463 2282 526 2359 sibi
551 2282 707 2355 multum
726 2306 897 2379 superque
927 2280 1005 2359 u'tae
1029 2278 1119 2375 fore,
1144 2282 1239 2379 quod
1261 2282 1323 2359 tali
1348 2306 1429 2359 cum

299 2399 495 2497 “Principe
510 2396 748 2495 explevisset.”

346 2644 405 2706 40.
431 2635 493 2704 An
521 2654 570 2702 sn
596 2628 765 2721 Tuefius,
781 2627 917 2705 laudati
938 2628 1061 2727 pietate
1086 2628 1212 2729 Seiani,
1228 2583 1369 2727 suisque
1391 2628 1427 2703 in

298 2766 378 2821 eum
393 2744 563 2819 beneficiis
579 2744 712 2817 modice
729 2744 908 2841 percursis,
928 2748 1012 2818 cum
1034 2760 1168 2841 tempus
1191 2758 1367 2839 tamquam
1382 2744 1424 2815 ad

290 2861 464 2959 integram
497 2857 775 2932 consultationem
806 2858 987 2954 petivisset,
1017 2857 1181 2956 adjunxit.
1244 2864 1270 2900 “
1299 2858 1430 2932 Ceteris

299 2981 324 3015 “
340 2972 537 3045 mortaltlrus
562 2972 598 3043 in
625 2996 667 3043 eo
692 2988 780 3045 state
807 2971 957 3061 consilis,
971 2972 1054 3070 quid
1073 2971 1135 3045 sibi
1155 2972 1349 3045 conducere
1368 2996 1430 3067 pu·

299 3095 324 3130 “
341 3103 434 3159 tent:
459 3084 655 3181 Principum
677 3086 845 3159 diversam
867 3112 940 3160 esse
963 3104 1103 3175 sortem,
1115 3086 1239 3184 quilius
1259 3085 1428 3181 praecipua

274 3224 278 3229 ·
298 3208 324 3245 ‘⁶
340 3226 457 3275 rerum
475 3202 518 3272 ad
541 3196 667 3273 famam
684 3200 881 3301 dirigenda:
905 3202 983 3275 ideo
997 3226 1035 3275 se
1049 3225 1122 3273 non
1135 3200 1217 3273 illuc
1233 3200 1427 3287 decturere,

300 3322 326 3359 ‘⁶
343 3317 437 3413 quod
454 3332 629 3412 promtum
649 3310 853 3414 rescripta:⁶
876 3342 974 3414 posse
997 3317 1105 3415 ipsam
1124 3313 1256 3389 liviam
1270 3328 1426 3401 statuere,

344 3486 354 3515 ¹
385 3490 478 3548 Moris
502 3490 599 3567 quippe
623 3497 773 3548 tumeret.
808 3491 839 3546 ld
937 3486 1002 3548 'Iu
1014 3488 1181 3548 conlocandi
1181 3484 1260 3563 filici.
1270 3484 1362 3557 tutis,
1370 3488 1427 3545 liu·

300 3568 384 3627 moris
405 3570 508 3646 reperit
524 3568 618 3628 Julius
638 3570 740 3640 Caesnr,
759 3581 792 3627 ut
813 3570 840 3626 in
898 3570 971 3647 gusti
985 3580 1014 3627 et
1027 3569 1180 3628 Scribonia
1193 3567 1262 3625 filis.
1281 3636 1286 3643 .

300 3648 379 3707 unu
403 3666 496 3707 rerum
527 3648 708 3707 multitudine
732 3648 843 3707 facilior
936 3647 951 3680 ⁴
983 3646 1195 3707 Consultauisse.
1230 3646 1359 3725 Agrippi
1383 3646 1425 3703 do

299 3730 335 3787 sd
348 3746 414 3785 eum
427 3726 502 3791 locet
521 3726 623 3797 editus,
645 3728 792 3787 Plutumh.
813 3726 842 3785 in
898 3728 1005 3798 functo,
1020 3728 1122 3797 multis,
1134 3746 1167 3785 uc
1182 3724 1239 3795 diu,
1260 3745 1293 3783 es
1312 3723 1426 3803 equestri

298 3806 360 3867 Jul.
373 3808 444 3867 Caeu.
465 3827 494 3884 p.
508 3802 576 3872 716.
616 3808 762 3883 Augustus
774 3826 841 3865 cum
897 3806 1002 3878 ordine,
1012 3804 1213 3881 circumspectis
1221 3805 1424 3874 conditionibus,

298 3886 414 3963 singulis
438 3884 555 3963 ipsique
582 3884 662 3945 Livit
686 3886 842 3965 usurpauit,
899 3884 1036 3945 Tiberium
1057 3884 1216 3961 privignum
1239 3904 1317 3945 suum
1337 3884 1425 3963 clegit,

298 3984 334 4024 ne
356 3966 425 4041 quid
445 3966 474 4025 in
494 3964 574 4026 tanti
593 3983 686 4025 rerum
707 3966 842 4043 gravitate
897 3964 1251 4040 Sueton.inAug.1.xtu.

298 4055 440 4122 peccaret,
459 4046 481 4102 si
494 4044 559 4121 plus
572 4043 696 4104 minusve
716 4046 842 4122 loquere·
938 4040 948 4075 ⁵
963 4046 1051 4122 quue
1065 4042 1209 4101 liberorum
1223 4040 1317 4103 musti,
1339 4041 1425 4117 ldqus

300 4136 348 4183 tur
365 4144 401 4181 ex
424 4134 558 4201 tempore,
578 4124 692 4183 Sueten.
713 4125 740 4185 io
765 4126 841 4201 Aug.
898 4136 990 4201 petere
1002 4142 1057 4180 non
1070 4122 1189 4193 sibi,sed
1202 4121 1297 4179 liberis
1309 4121 1383 4189 suis;
1396 4128 1424 4177 ut

301 4210 349 4263 84.
389 4203 520 4263 Tiberius
533 4203 657 4273 retinuit,
678 4214 710 4263 ut
729 4204 757 4263 in
771 4202 843 4281 poli·
897 4202 963 4281 ipsis
1000 4202 1131 4262 consulut
1164 4202 1296 4260 adversus
1319 4200 1424 4275 iniquas

300 4280 360 4341 sict
372 4282 425 4341 sui
437 4294 496 4339 erte
505 4284 651 4343 obscurior
662 4294 740 4355 esset,
754 4284 843 4361 impe·
897 4282 1060 4359 Agrippinae
1077 4282 1246 4357 offensiones.
1286 4280 1346 4338 Sibi
1358 4276 1426 4336 mul·

299 4362 400 4422 riosids
411 4372 545 4439 regnaret,
553 4362 713 4437 certiusque
723 4362 842 4421 falleret.
898 4372 958 4419 tum
981 4380 1121 4439 superque
1134 4361 1197 4418 vitae
1218 4360 1275 4418 tore
1294 4358 1333 4427 id,
1354 4356 1424 4433 quod

340 4436 571 4519 ²Conjuuctioue
584 4440 709 4501 casare.
736 4444 842 4512 Druso,
898 4459 965 4499 cum
975 4440 1089 4499 Tiberio
1104 4440 1234 4518 Principe
1255 4438 1426 4516 explevisset,

301 4520 415 4580 Claudii
432 4520 499 4591 filio,
518 4521 585 4592 olim
601 4520 735 4597 desponsi
748 4522 841 4596 Sejuui
935 4514 1105 4579 ‘Promtum
1131 4519 1277 4597 rescriptu.
1307 4518 1373 4574 ideo
1398 4534 1425 4572 se

301 4601 538 4671 uitandorum
555 4612 597 4659 est
616 4620 702 4678 supra
721 4620 772 4661 ut.
792 4607 841 4670 29.
898 4618 954 4659 noo
971 4600 1209 4669 illucdccutnuu,
1229 4608 1261 4655 ut
1279 4604 1423 4675 promeret

282 4696 347 4741 'tto
362 4686 390 4747 7.
898 4679 1166 4758 obviurcspondeut.
1206 4676 1316 4737 Liuiam
1336 4676 1418 4754 ipsunt
