3200 5509
373 474 432 541 nn
452 474 527 543 un.
548 474 603 541 111.
622 480 723 542 ANN.
742 484 778 543 C.
798 482 920 543 CORN.
939 480 1085 545 tuem.
1244 490 1303 553 ⁴39

175 636 210 697 ts
224 624 275 697 ste
288 632 430 697 mnino!
443 632 483 721 sy
498 632 636 697 Tiberim
649 633 712 698 used
726 632 831 699 Livio.
858 633 1034 711 Davnnzeti,
1051 632 1149 699 Senes
1160 632 1189 699 le
1191 634 1302 718 parole

174 750 197 785 ‘⁶
218 743 405 829 scriperem
428 742 670 829 expostulante?
697 755 786 808 torna
812 744 970 808 benissimo
991 744 1018 807 s'l
1040 744 1234 821 sentimento,·
1270 744 1301 806 io

174 854 204 918 le
218 853 258 917 do
272 852 416 918 lmsiote:
437 851 527 917 oelle
538 854 572 917 ni
588 852 847 939 sonosrnmmesse
861 876 918 939 per
942 874 1052 928 errore,
1067 876 1084 916 o
1099 852 1179 917 ultre
1192 850 1301 939 parole

151 964 208 1031 :oi
220 986 371 1029 meno
384 963 438 1028 else
451 986 507 1027 eon
520 960 618 1049 quelle
619 962 758 1049 soseono
780 964 964 1028 sentimento.
1009 962 1043 1025 lt
1067 961 1201 1027 Mercen'
1216 962 1301 1050 legge

174 1072 323 1137 submisse
350 1080 371 1111 ‘⁴
398 1071 623 1157 expostulantes
631 1072 658 1137 :”
692 1072 718 1135 s'l
743 1074 919 1137 sentimento
947 1084 1038 1137 tome
1066 1072 1158 1149 bessu
1188 1095 1240 1137 mn
1274 1070 1301 1137 it

171 1180 507 1247 mntomentoiurds‘to.

218 1292 461 1377 Iononemque
476 1290 519 1355 ibi
531 1304 633 1355 nonu
646 1303 701 1367 est,
716 1314 806 1356 nemo
821 1304 1091 1357 commentatorum
1106 1292 1182 1357 bend
1196 1294 1298 1379 exple·

172 1401 236 1467 vit:
257 1416 289 1466 et
300 1401 422 1486 Lipsius
435 1400 547 1465 nodum
561 1401 655 1482 magis
669 1400 797 1477 discidit,
811 1398 901 1487 quim
920 1400 1089 1485 explicavit,
1102 1402 1218 1467 aliunde
1237 1404 1296 1467 huc

172 1512 287 1593 ingesta
297 1524 426 1575 statuens
444 1512 534 1572 verba
545 1509 728 1594 scripsissent
742 1510 980 1593 expostulantem
1001 1510 1083 1598 quod
1101 1512 1185 1576 lund
1198 1512 1296 1577 miride

175 1620 317 1687 Tiberius
340 1616 431 1707 quim
456 1615 533 1681 Piso
558 1618 706 1682 uimine:
731 1618 840 1703 quibus
862 1620 892 1681 h.
916 1619 936 1683 l.
965 1620 1082 1685 omissis
1106 1634 1203 1685 cetera
1225 1620 1295 1687 satis

171 1731 323 1795 coherere
335 1730 480 1793 sidentur.
522 1728 585 1792 Sed
601 1726 659 1811 ipsi
680 1750 741 1805 uon
761 1726 903 1812 liquebat,
918 1752 979 1814 quo
994 1729 1054 1810 illa,
1068 1754 1134 1816 ques
1149 1730 1192 1795 sic
1207 1752 1296 1817 supe·

171 1853 248 1918 seut,
258 1839 433 1903 remittenda
442 1850 548 1903 esseut.
592 1837 722 1901 Venerat
742 1837 839 1900 amico
854 1838 884 1901 iu
897 1834 1039 1917 mentem,
1051 1863 1140 1924 posse
1154 1864 1189 1903 ea
1202 1840 1295 1904 finem

171 1952 271 2013 fecere
297 1947 444 2033 asperiori
463 1947 566 2033 capiti,
590 1946 737 2031 subdique
758 1947 955 2027 accusationi3
986 1950 1063 2012 unde
1091 1950 1160 2013 dein
1188 1949 1294 2015 melius

170 2057 245 2123 illud
256 2069 474 2144 consequatur:
498 2055 646 2143 Defensio
659 2056 693 2118 in
707 2056 811 2119 ceteris
825 2056 998 2142 trepidavit.
1043 2058 1104 2121 Sed
1117 2072 1148 2122 et
1161 2058 1203 2123 sic
1217 2082 1294 2123 nove

170 2170 260 2232 turbs
279 2166 404 2243 exsistit,
425 2188 561 2250 novaque
576 2158 701 2242 ‘laeuum
721 2188 811 2251 quam
826 2166 944 2249 ingenio
958 2165 1080 2251 explere
1103 2168 1292 2233 temerarium

170 2276 220 2341 sit.
263 2277 367 2362 Atque
390 2277 461 2340 cum
483 2275 545 2339 sine
564 2273 737 2338 melioribus
760 2274 940 2357 argumentis
954 2276 1078 2340 vetitum
1092 2276 1139 2357 sit,
1154 2278 1293 2343 adversis
1426 2342 1429 2347 .

169 2390 271 2465 verba,
285 2408 353 2472 qun
367 2384 440 2450 olim
454 2384 556 2449 locum
570 2382 731 2467 possident,
744 2383 806 2447 vim
820 2382 895 2463 fieri,
914 2384 1098 2469 probabilisls
1117 2385 1166 2451 alii
1185 2408 1292 2451 vocem

170 2495 392 2581 expostulantes
404 2495 443 2557 sd
458 2492 603 2558 Senatum
614 2516 668 2578 per
677 2494 793 2574 synesin
807 2494 947 2571 referunt,
961 2494 1044 2579 quusi
1059 2494 1164 2561 Patres
1183 2519 1293 2583 expos·

169 2606 309 2684 mlasent,
332 2604 597 2691 perscripsissem
623 2600 698 2665 Piso
719 2614 751 2665 et
779 2600 933 2680 Plancina,
956 2606 1116 2683 (cf.1..11.
1135 2628 1203 2693 cap.
1226 2614 1291 2689 78.)

170 2718 272 2781 forsan
282 2714 384 2779 leudes
398 2727 429 2777 et
442 2724 538 2796 gretes
552 2711 688 2791 ltberio,
701 2724 842 2797 tauquam
858 2714 899 2775 ob
913 2736 959 2778 res
972 2736 1073 2792 novas,
1085 2738 1158 2800 ques
1173 2716 1292 2801 petiisse

170 2823 388 2891 Germanicum
401 2822 564 2898 finxissent,
578 2823 703 2901 fmctns3
726 2823 804 2884 unde
817 2822 898 2885 credi
911 2823 1052 2907 potuerit,
1068 2822 1211 2889 Pisonem
1220 2848 1291 2891 cnm

168 2958 264 3001 uxore
288 2947 441 2999 auctorem
470 2930 576 2995 mortis
597 2930 698 2994 luisse.
755 2930 844 2994 Talia
877 2932 988 3017 scripte
1022 2954 1128 3017 negare
1153 2948 1293 3019 poterant

168 3059 304 3131 uterque,
328 3055 359 3107 et
380 3040 522 3107 'liberius
542 3053 573 3103 et
587 3038 672 3103 Piso.
715 3039 777 3103 Sed
799 3040 901 3105 locum
922 3041 1121 3125 desperatum,
1145 3044 1176 3107 iu
1200 3068 1291 3131 quem

169 3154 243 3240 quid
256 3152 305 3217 elii
323 3148 516 3216 commentati
530 3147 598 3229 sint,
612 3149 723 3233 pariter
734 3146 942 3233 relinquimus.
983 3149 1108 3235 Bipont.
1123 3152 1182 3217 Ed.
1199 3164 1289 3227 1792.

210 3261 422 3329 Denellebont.
480 3257 609 3344 Optime
640 3256 794 3322 Emestus.
849 3256 935 3321 Male
975 3257 1142 3325 Beroaldus
1180 3260 1289 3351 aliique

167 3386 291 3464 peteres,
304 3369 499 3435 divellebunt.

211 3615 302 3679 Cur.
318 3620 368 3677 15.
393 3610 539 3675 Comitem
553 3610 650 3675 esitii.
691 3606 804 3674 Illustr.
820 3606 953 3675 Huetius
963 3621 993 3672 et
1008 3608 1152 3673 Ernestus
1166 3620 1289 3690 senune,

165 3726 262 3793 attii.
303 3721 463 3806 Ingeniose
482 3720 613 3806 quidem.
656 3718 772 3783 Verdm
799 3720 871 3783 edm
895 3718 1000 3781 medin
1023 3732 1121 3783 essent
1140 3742 1218 3807 spes,
1232 3740 1287 3783 nee

165 3837 323 3904 huminem
336 3829 515 3917 periculum,
528 3828 627 3915 potuit
647 3826 792 3893 Plancius
804 3851 836 3893 se
850 3828 994 3893 comitem
1008 3826 1102 3909 exitii,
1116 3826 1291 3914 sociamque

166 3946 271 4013 mortis
285 3942 468 4029 promittere.

208 4183 299 4248 Cur.
332 4182 381 4246 16.
434 4180 531 4264 Apud
549 4191 696 4243 senatum.
750 4176 816 4243 ch
840 4176 951 4264 aliquid
974 4177 1091 4243 excidit.
1137 4176 1288 4261 Existimo

165 4290 241 4359 olim
254 4290 346 4358 fuisse
356 4289 511 4375 scriptum,
524 4287 723 4373 citrensem
732 4288 767 4351 in
780 4288 950 4353 mortitium
965 4308 1024 4362 ore,
1037 4308 1123 4351 susm
1138 4287 1289 4354 invidiam

167 4402 227 4467 tuli
252 4410 349 4465 morte
375 4403 530 4486 quesitum
556 4398 641 4483 apud
670 4408 807 4462 emotum
834 4394 966 4474 indolet,-
1003 4395 1124 4461 Pisonis
1147 4396 1288 4463 libertum
1422 4440 1424 4445 .

166 4510 314 4597 appellnt,
334 4510 503 4596 crebrisque
522 4508 809 4595 interrogationibus
830 4505 962 4593 acquirit
983 4506 1103 4593 qualem
1118 4505 1194 4573 Ps'so
1208 4506 1288 4591 diem

169 4642 351 4708 mmmm,
372 4630 543 4708 noctemque
563 4619 713 4704 exegisset.
756 4617 860 4703 Atque
880 4614 934 4681 illo
956 4615 1106 4703 pleraque
1127 4617 1288 4703 supienter,
