3200 5509
293 539 355 596 ,ω
648 527 684 584 c.
704 523 902 584 conuenit
922 525 1057 585 rnetrt
1208 533 1246 588 n.
1261 531 1425 597 untur.

292 685 395 764 aetis¹
421 683 573 759 delectur
588 678 610 754 i
627 681 777 767 Caeeare,
800 679 914 776 eoque
938 679 1170 756 meditationes
1184 681 1257 782 ejus
1273 685 1426 784 introepi.

293 825 373 878 eete
388 799 556 872 creditus:
581 793 714 868 issetati
729 793 881 890 quodam
896 811 994 866 motu
1010 798 1140 892 (neque
1156 798 1247 870 enim
1258 797 1340 872 ante
1356 825 1428 898 spe-

293 915 407 992 eimeu
421 910 617 986 constantie
632 906 789 1000 dederat)
814 933 876 980 seu
897 907 1002 1004 pravi
1021 909 1170 999 sulendi,
1195 913 1295 1002 dum,
1320 914 1429 988 immi.

294 1027 450 1109 nentium
463 1027 601 1114 oblitus,
627 1025 755 1098 ineerta
770 1039 882 1119 peret,
906 1023 1054 1098 inserere
1069 1051 1106 1098 ee
1122 1026 1368 1117 dubitantibus,
1392 1055 1429 1102 ne

294 1165 437 1218 monere
460 1140 618 1214 enunties
641 1145 667 1182 “
683 1161 727 1210 ne
748 1136 948 1210 relationem
969 1137 1157 1236 inciperent
1167 1140 1204 1212 :”
1232 1140 1432 1216 disserebat.

221 1309 235 1336 ,
293 1281 376 1355 que,
400 1263 426 1299 “
441 1255 603 1329 brevibus
617 1251 948 1439 momenffisumma
965 1253 1051 1326 verti
1073 1279 1193 1350 posse;
1221 1257 1431 1354 quanddque

295 1377 324 1416 “
495 1367 559 1442 'ei²
614 1367 624 1386 ⁰
797 1364 836 1439 's
894 1364 964 1438 'um
1004 1366 1187 1442 oeuitenu'ae
1263 1370 1273 1385 ”
1321 1395 1432 1444 rerur-

295 1492 324 1534 ‘⁶
337 1373 782 1584 wsimffius
797 1383 924 1579 effigies
939 1392 1141 1580 Agrippum
1157 1393 1361 1558 acsllssuie
1376 1511 1438 1584 ges

295 1612 639 1798 ”dewi
651 1590 1224 1804 ΡᾞἭἭ
1241 1599 1434 1809 ἙἫ

296 1834 324 1872 “
338 1825 414 1916 di‚”
430 1825 599 1898 clamitat:
623 1822 671 1895 ita
684 1823 767 1896 nibil
783 1823 879 1896 triete
893 1823 953 1896 illo
965 1823 1021 1896 die
1036 1839 1215 1920 pau-etum.
1265 1827 1434 1900 Fereben.

296 1958 356 2018 tur
365 1939 468 2014 etiem
482 1940 547 2012 nub
558 1937 753 2011 nomimbue
768 1937 998 2011 consularium
1011 1939 1100 2012 fictae
1124 1938 1160 2012 in
1181 1941 1345 2038 Sejanum
1361 1965 1434 2014 een.

296 2053 424 2143 tentiae,
447 2051 685 2126 exercentrbue
700 2050 870 2148 plerisque
894 2075 957 2149 per
973 2052 1160 2142 oecultum,
1176 2069 1277 2150 atque
1294 2055 1340 2127 eb
1357 2078 1435 2153 pro·

298 2167 428 2258 ndns,
451 2165 626 2240 lubidinem
649 2165 890 2264 ingeniorum:
920 2167 1012 2240 unde
1033 2165 1081 2238 illi
1108 2166 1159 2239 ira
1183 2167 1378 2258 violentior,
1403 2187 1436 2244 et

297 2282 454 2356 materies
465 2278 679 2367 criminandi,
695 2285 722 2322 “
733 2296 886 2375 spretum
899 2279 1227 2378 doloremPn'neipis
1236 2283 1279 2355 ab
1291 2301 1435 2376 senatu3
1567 2271 1568 2304 l

299 2403 328 2441 “
342 2395 523 2470 neenec
536 2394 726 2491 populum3
751 2392 861 2466 audiri
881 2396 953 2492 jam
974 2411 1008 2468 et
1030 2393 1098 2493 legi
1118 2419 1224 2468 novas
1241 2398 1436 2487 conciones,

298 2517 432 2583 “nova
445 2525 582 2606 penum
603 2508 778 2580 consulta:
805 2508 888 2605 quid
912 2509 1097 2606 reliquum,
1122 2509 1186 2581 nisi
1213 2526 1252 2583 ut
1277 2529 1438 2607 caperent

300 2631 330 2668 ‘⁶
343 2621 501 2696 ferrum?
524 2639 558 2694 et
573 2645 723 2718 quorum
747 2621 911 2721 imagines
936 2648 999 2720 pro
1024 2623 1157 2698 vexillis
1180 2624 1287 2698 eecuti
1310 2623 1439 2716 forent,

302 2743 331 2784 ⁸
344 2735 450 2810 duces
464 2733 754 2832 imperatoresque
769 2736 957 2836 deligerent
968 2737 1009 2811 ?’'

350 2991 387 3054 5.
411 2979 555 3053 letrun
573 2981 1067 3078 Caeear,repetitieadversi1m
1082 2999 1242 3082 nepotem
1259 2999 1292 3056 et
1309 3007 1439 3058 nurum

275 3089 280 3097 ’
301 3094 448 3194 probris,
460 3091 691 3192 increpitique
703 3121 766 3193 per
777 3097 927 3172 edietum
939 3098 1051 3194 plebe,
1061 3115 1200 3195 questus
1209 3098 1301 3195 apud
1313 3115 1441 3194 patres,

302 3216 331 3254 “
344 3207 443 3308 quod
469 3205 592 3281 fraude
616 3209 717 3284 unius
743 3210 907 3284 senatoris
933 3209 1147 3307 imperatoria
1169 3215 1324 3312 maJestns
1346 3212 1440 3286 eluet

302 3330 331 3369 “
343 3321 482 3422 publice
497 3321 601 3412 foret,
625 3322 760 3422 integre
771 3341 887 3396 tamen
902 3325 964 3398 stoi
980 3325 1127 3398 euneta”
1144 3323 1348 3421 postulavit:
1377 3349 1440 3399 nec

302 3437 393 3510 ultra
406 3435 654 3525 deliberatum‚¹
671 3437 872 3534 quominds,
896 3461 967 3510 non
989 3437 1129 3536 quidem
1154 3455 1307 3511 extrema
1323 3441 1441 3512 decer·

301 3567 437 3640 nerent,
450 3549 486 3621 id
502 3549 594 3622 enim
608 3550 765 3639 vetitum,
788 3553 850 3624 sed
866 3559 891 3596 ‘⁴
908 3567 1042 3650 paratos
1058 3553 1101 3624 ad
1119 3551 1283 3626 ultionem
1298 3552 1334 3626 vi
1350 3553 1440 3652 prin·

302 3669 330 3709 ‘⁴
345 3661 428 3762 cipis
442 3661 623 3762 impeti&
640 3670 916 3740 termentum-

363 3923 375 3954 ¹
402 3925 598 4004 Comporendr'r
618 3938 732 4006 petrum
763 3933 845 3991 «telin
898 3940 1010 4010 pnmtoe
1036 3949 1094 3990 esse
1118 3931 1154 3989 ed
1178 3930 1326 4003 ultionem,
1351 3937 1383 3992 et
1414 3931 1443 3992 n*

304 4006 381 4065 Vide
403 4019 463 4064 net.
482 4017 511 4064 et
530 4011 639 4067 emend.
667 4011 706 4068 ed
723 4014 801 4069 Anu.
815 4030 845 4070 v.
900 4011 1040 4089 Principis
1052 4011 1191 4088 impediri.

304 4093 335 4144 ⁴.
373 4084 671 4147 Ibidellomenorutn
682 4091 754 4149 netis
768 4091 847 4148 diee-
936 4088 1098 4168 ⁴Irnpedr'ri
1108 4097 1288 4150 terrerentur.
1302 4086 1364 4152 Hic
1375 4108 1440 4148 cum

303 4177 363 4226 tur.
896 4189 1008 4230 tumme
1022 4169 1442 4230 liternrumeebirtoriaedetri·

343 4241 357 4269 ²
378 4243 547 4324 deique
571 4247 741 4308 Germanici.
769 4249 845 4308 Vide
897 4263 991 4308 mento
1011 4249 1154 4326 perierunt
1170 4261 1264 4308 eetern
1283 4259 1350 4310 acte
1376 4249 1440 4307 unni
1565 4241 1566 4336 l

303 4331 363 4382 net.
374 4340 404 4382 et
414 4325 524 4382 emend.
537 4327 574 4384 nd
587 4330 664 4386 Ann.
677 4345 708 4384 r.
720 4334 750 4388 4.
896 4335 915 4394 7
918 4335 966 4388 82.
986 4341 1053 4387 acte
1063 4329 1159 4388 omniu
1177 4335 1247 4395 783.
1266 4343 1295 4388 et
1308 4329 1442 4408 pleraque

341 4397 440 4462 'Nee
464 4405 542 4464 ultre
563 4405 752 4466 deliberatum.
779 4407 844 4467 Nec
895 4409 960 4466 unni
987 4413 1056 4475 784.
1108 4407 1154 4466 Ne
1177 4419 1219 4466 tot
1241 4422 1441 4486 tantarumque

301 4482 380 4542 ultre
391 4482 576 4542 deliberatum
586 4485 738 4562 quonilndr
750 4485 846 4546 decer·
895 4507 989 4547 rerum
1021 4487 1156 4548 memorie
1186 4488 1359 4562 aboleretur,
1392 4505 1441 4565 pro

300 4573 407 4636 nerent,
428 4580 485 4620 non
509 4563 624 4641 quidem
648 4575 792 4636 extremm
812 4567 843 4626 id
894 4567 1000 4626 viribus
1014 4567 1088 4626 hane
1106 4577 1215 4644 partem
1233 4567 1439 4646 supplevimus.

300 4642 376 4702 enim
399 4641 534 4705 vetitum:
553 4644 603 4705 red
624 4654 793 4707 testarentur
814 4667 843 4707 ee
894 4645 968 4710 Vide
981 4647 1047 4710 libri
1055 4667 1084 4708 r.
1098 4646 1339 4730 supplementum.
