3200 5509
324 1020 753 1171 enssnrnn
804 1023 1230 1147 unomen

389 1308 392 1315 ’
485 1358 759 1444 nuunmo
804 1362 1074 1448 Lucrum.

653 1689 895 1723 *OQ-

211 1908 333 2017 Cirr
362 1928 604 2013 Connuurr
639 1926 814 2013 Tncmr
849 1958 988 2043 opera,
1017 1946 1114 2019 ante
1133 1947 1196 2020 tut
1215 1968 1342 2026 annos

207 2077 272 2162 edi
292 2084 441 2185 caepta,
469 2074 513 2154 in
532 2072 664 2157 lucem
684 2074 901 2185 prodeunt.
957 2077 1183 2163 Tantarum
1200 2110 1342 2165 causas

206 2245 411 2303 morarum
432 2216 638 2327 explicare
669 2218 782 2300 haud
809 2221 943 2329 juvat,
972 2224 1068 2303 curn
1099 2227 1195 2307 satis
1226 2228 1341 2307 inno-

205 2364 370 2445 tuerint.
429 2360 504 2445 His
524 2360 619 2473 ergd
639 2365 809 2459 omissis,
837 2366 1062 2448 necessaria
1091 2378 1134 2447 et
1161 2370 1341 2477 suscepti

203 2506 338 2616 operis
370 2505 537 2617 propria
571 2517 833 2605 tractaturus,
877 2509 1055 2617 primdm
1090 2510 1143 2591 de
1174 2510 1262 2592 vitu
1297 2522 1340 2593 et

201 2650 362 2757 scriptis
383 2645 560 2734 Cornelii
572 2648 721 2749 Taciti,
750 2652 899 2733 deinde
928 2651 981 2735 de
1015 2652 1233 2763 praecipuis
1253 2656 1339 2765 ejus

202 2790 423 2875 editoribus
452 2804 492 2873 et
518 2792 819 2905 interpretibuS,
849 2793 970 2878 tertid
991 2796 1155 2878 demum
1175 2798 1229 2877 de
1258 2796 1337 2877 hae

200 2931 393 3035 editione,
410 2948 452 3017 et
471 2962 563 3044 quae
583 2938 682 3019 mihi
699 2939 851 3023 fuerint
865 2940 1062 3039 subsidia,
1082 2940 1296 3050 praefabor.

510 3534 575 3601 DE
597 3535 708 3603 VITA
731 3536 793 3603 ET
815 3534 1024 3603 SCRIPI'IS

338 3760 815 3864 CORNELII
880 3762 1190 3864 TACITI.

250 4116 397 4204 cums
415 4119 692 4205 Continuus
708 4118 918 4203 Tucrrus
936 4146 1073 4230 pauca
1087 4119 1140 4201 de
1154 4145 1211 4216 se,
1229 4119 1331 4203 nihil

194 4260 248 4344 de
265 4264 398 4372 patria
418 4276 460 4349 et
478 4257 634 4377 origine
652 4267 726 4349 sua
758 4264 955 4377 prodidit,
983 4263 1148 4373 ingenio
1180 4272 1224 4345 et
1251 4262 1330 4348 vir·

193 4406 350 4490 tutibus
370 4408 522 4517 potiris,
564 4408 692 4521 qudm
706 4410 798 4493 loco
826 4438 877 4492 ac
895 4408 1114 4521 majoribus
1139 4404 1330 4488 inclares-

192 4550 312 4635 cendi
360 4563 505 4637 certus.
586 4555 886 4641 Interamnates
932 4580 1027 4636 eum
1073 4548 1328 4661 municipem

306 4704 406 4763 von.
430 4708 461 4763 1.
492 4728 495 4737 ·
1195 4677 1219 4758 b
