3200 5509
380 522 440 581 sn
462 522 537 581 urs.
559 520 615 580 nr.
636 520 738 581 suu.
758 520 794 582 c.
814 520 939 583 couri.
958 509 1106 583 ricrrr.
1251 522 1310 577 sss

152 666 457 758 artimis‘qusesitum
475 696 511 739 ac
532 674 725 741 fundatumd
741 673 915 741 Godefrido
927 678 966 741 de
984 672 1149 751 Bo'uillon,
1166 664 1310 737 Heroum

154 778 319 862 maximo,
329 783 643 869 Hierosolymitanum
658 808 795 871 regnum.
819 786 895 851 Inde
908 788 997 852 toties
1010 784 1029 849 l
1045 782 1175 851 Gallicis
1190 768 1312 867 regibus

152 888 389 979 nobilitateque
403 894 528 959 Gallica
542 908 656 962 tentata
671 899 835 983 AEgyptus,
849 910 1035 982 occupatum
1051 893 1312 977 Constantinopo-

152 997 298 1066 litanum
318 1002 491 1090 imperium,
514 1006 591 1071 Asia
607 1006 737 1073 Gallicis
758 1008 1014 1073 dominationibus
1033 1028 1179 1091 respersa.
1232 1000 1310 1066 lude

101 1122 111 1143 ·
152 1122 206 1175 tot
231 1112 322 1177 bella
344 1136 399 1199 per
425 1114 544 1181 ltaliam
568 1129 662 1201 gesta.
706 1118 783 1183 lude
807 1118 877 1183 cbm
900 1116 1053 1181 acerrimis
1076 1102 1310 1181 Fcrdinandi‘et

153 1219 274 1287 Caroli
291 1224 332 1287 ·V.
347 1224 471 1312 judiciis
485 1229 601 1294 adserta
615 1242 661 1294 est
675 1228 800 1314 publica
815 1227 1026 1314 tranquillitas,
1035 1238 1065 1291 et
1080 1222 1214 1312 politicis
1229 1244 1310 1309 pon-

150 1330 291 1397 deribus
304 1333 414 1401 librata
427 1337 563 1423 Europa,
586 1362 643 1403 nec
659 1342 726 1427 jam
745 1338 825 1405 ullus
840 1339 989 1424 superfuit
1002 1338 1117 1404 bellicis
1130 1334 1310 1402 incursioni-

151 1443 215 1505 bus
239 1441 345 1526 locus,
369 1446 455 1511 Galli
472 1447 634 1533 irrequieti
653 1450 710 1513 sub
728 1449 887 1514 nobilitate
910 1462 1039 1533 aguntur
1055 1442 1177 1533 ‘semper
1194 1450 1232 1510 et*
1247 1432 1309 1509 cir·

151 1569 388 1638 cumaguntur3
410 1558 606 1642 atque,·licdt
624 1559 753 1643 patriam
773 1582 859 1623 snam
880 1559 1046 1645 plurimbm
1062 1551 1189 1636 faciant
1207 1546 1310 1619 exter·

150 1678 229 1727 nam
244 1668 406 1752 quamque
420 1667 599 1753 plerumque
616 1681 767 1753 spernant,
792 1670 902 1735 militib
916 1685 1028 1747 umen,
1046 1668 1177 1746 artibus,
1201 1664 1308 1745 literis,

152 1777 372 1857 commerciis,
400 1778 570 1844 ministeriis
597 1780 725 1866 denique
754 1781 895 1845 omnibus
920 1776 1044 1845 utuntur
1065 1790 1097 1842 et
1125 1766 1307 1864 quaudoque

152 1887 343 1966 abutuntur,
355 1901 389 1952 ut
402 1900 500 1953 totum
515 1902 714 1975 pervagentur
728 1894 846 1969 orbern,
859 1890 899 1955 ita
914 1904 958 1969 ut,
974 1888 1106 1954 maxime
1120 1888 1151 1955 in
1166 1884 1305 1969 Europb,

151 2014 218 2057 non
242 2000 331 2077 urbs,
350 2020 412 2062 non
432 1998 591 2083 oppidum,
615 2022 697 2084 saepe
715 2022 755 2064 ne
778 2023 856 2064 unus
878 2000 1001 2086 quidem
1019 2000 1058 2064 sit
1079 1999 1172 2078 vicus,¹
1193 1988 1316 2081 inquo·

153 2105 276 2171 Gallus
301 2106 408 2194 aliquis
434 2132 496 2172 non
519 2124 669 2174 occurrat.
727 2108 813 2187 lude,
838 2110 862 2175 si
887 2110 988 2174 bellici
1012 2108 1163 2188 facinoris,
1185 2104 1304 2170 bellicas

31 2259 32 2262 =
150 2215 268 2299 gloriae
296 2242 367 2303 spes
395 2218 512 2303 uspiam
540 2219 703 2304 adt'ulgeat,
737 2220 840 2283 statim
869 2220 1061 2304 praetervolat
1090 2216 1212 2296 Gallus,
1247 2230 1314 2277 nec·

152 2326 304 2393 locorum
333 2328 505 2409 intervallis,
540 2352 596 2393 uec
630 2329 836 2415 periculorum
872 2330 1098 2395 difficultatibus
1132 2325 1301 2402 deterritus,

31 2456 36 2463 ·
152 2450 190 2503 ut
215 2438 361 2519 vidimus,
384 2440 456 2503 crim
481 2438 674 2524 exiguissima
697 2439 860 2505 Gallorum
885 2463 1002 2521 manus,
1023 2442 1102 2505 duce
1129 2437 1195 2503 viro
1217 2434 1303 2501 avitis

155 2548 263 2628 Boiis,
288 2548 401 2635 people
421 2549 463 2637 ff
487 2548 647 2629 Bourbon,
666 2550 720 2635 qui
741 2562 841 2615 totum
866 2550 962 2615 sermd
988 2553 1095 2614 orbem
1123 2546 1303 2613 militaribus

30 2680 31 2684 ’
153 2658 218 2725 suis
233 2659 481 2745 expeditionibus
494 2659 724 2744 perlmtrbrunt,
746 2659 849 2725 animo
863 2674 894 2725 et
907 2660 1016 2725 virtute
1034 2657 1201 2734 simillimo,
1225 2654 1303 2719 Cra·

153 2770 280 2835 coriam
303 2770 497 2855 eapugruvit,
521 2783 562 2849 et,
584 2771 667 2855 quod
687 2770 784 2834 terme
809 2769 996 2848 incredibile,
1024 2768 1139 2834 tamdiu
1164 2768 1300 2835 serravit.

29 2919 30 2938 ;
136 2904 140 2910 ’
154 2882 252 2947 Adeo
266 2882 299 2945 in
314 2880 439 2946 Gallico
452 2880 597 2965 sanguiue
610 2894 752 2951 constans
764 2895 796 2946 et
810 2881 857 2946 sui
870 2880 975 2947 similis
989 2886 1114 2947 natura!

198 3102 294 3169 Car.
316 3105 368 3168 46.
397 3101 443 3166 Et
453 3100 654 3190 fugientibus
665 3102 821 3169 consulite.
844 3103 881 3168 In
894 3102 1044 3167 veteribus
1055 3104 1196 3172 omnibus
1210 3111 1298 3177 editi·

29 3263 30 3269 ,
153 3214 278 3292 ouibus,
301 3212 448 3290 cornilite,
470 3215 553 3299 quod
577 3211 750 3298 explicabat
769 3213 1003 3291 Freinshemius,
1029 3212 1187 3301 firgientes
1208 3242 1297 3287 cursu

152 3323 329 3410 sequimini.
353 3322 481 3407 Optime
496 3322 653 3402 Heinsius,
668 3322 825 3401 consulite,
840 3324 939 3403 idest,
948 3324 1082 3407 parcite.
1112 3324 1224 3394 Annal.
1242 3340 1304 3396 xr.'

154 3436 209 3499 86.
219 3446 253 3498 et
266 3441 404 3497 xiv.88.
425 3432 505 3497 Vide
516 3455 638 3518 quoque
648 3433 743 3497 Misc.
753 3434 833 3498 Obs.
846 3454 897 3497 rx.
910 3442 983 3505 892.
1006 3433 1139 3519 Frigidd,
1150 3460 1205 3502 nec
1215 3432 1305 3505 Cor.'

153 3542 274 3608 celiani
295 3543 480 3621 Gronovius,
497 3542 550 3628 qui
566 3542 609 3607 ait
629 3542 671 3607 ita
684 3543 912 3620 consulendum,
932 3557 965 3606 ut
986 3542 1086 3608 Gnllis
1103 3546 1296 3617 detrahantur

154 3676 249 3733 arma,
266 3653 371 3739 sicque
391 3652 519 3717 leviores
544 3652 662 3719 sintae
685 3657 765 3737 fuga
788 3654 963 3738 paratiores.
1015 3652 1130 3719 Illustr.
1159 3656 1294 3727 Huetius

153 3766 348 3841 emendabat,
362 3774 391 3827 ct
401 3761 563 3850 fugientes
577 3763 735 3828 concidite.
769 3763 902 3829 Minime
917 3763 1126 3849 probabiliter.
1166 3767 1294 3837 Virtutis

154 3873 236 3938 euim
247 3874 469 3939 Romanaemt
479 3872 615 3937 virmero:
637 3872 805 3939 clementie
820 3872 979 3959 oppidanis
993 3873 1163 3955 inconditis,
1177 3877 1292 3943 militiae

153 3983 274 4062 nesciis,
286 3996 318 4049 ct
332 3982 514 4066 fugientibus
528 3982 684 4047 consulere
698 4006 733 4048 ac
747 4006 881 4068 parcere.
918 3982 1002 4047 Infra
1015 4006 1083 4069 cap.
1097 3994 1150 4051 52.
1193 3988 1292 4055 Bero-

155 4090 241 4158 aldus
254 4114 377 4178 quoque
389 4091 492 4171 edidit,
506 4092 707 4170 dissimiletis,
721 4116 779 4177 pro
793 4092 999 4158 dissimulatis.

198 4201 330 4277 Incensa
348 4224 437 4287 super
457 4201 544 4267 oilla.
588 4203 665 4267 MS.
683 4202 766 4267 Flor.
786 4218 819 4267 et
837 4202 981 4269 editiones
1000 4218 1127 4284 veteres,
1145 4208 1290 4297 ingressu.

159 4311 289 4397 optime
301 4313 468 4392 -Rbeoanus
481 4326 513 4380 ct
526 4313 716 4395 recentiores,
740 4313 872 4395 incensa.
917 4312 1007 4379 Male
1020 4314 1042 4383 J
1044 4338 1089 4380 ac.
1106 4316 1291 4402 Gronovius,

158 4435 283 4507 ingesta.
