3200 5509
903 166 1018 220 500
1599 158 1845 219 NOTAE
1886 158 1989 216 ET
2030 156 2695 217 EMENDATIONES

903 327 1146 400 tamque
1189 293 1596 398 praecellentes
1651 312 1880 377 invitus
1934 312 2212 398 agnoscit
2230 336 2250 374 .·
2304 310 2409 374 ille
2462 311 2608 374 vero
2656 309 3142 395 comparationem

903 423 1195 498 instituat,
1250 447 1501 509 remque
1559 434 1753 486 totam
1812 421 1897 485 ita
1950 419 2254 505 explicet:
2324 420 2544 485 Etiam
2596 418 2802 506 gloria
2854 442 2931 482 ac
2984 420 3151 483 virtus

903 531 1172 621 irffensos
1228 533 1433 610 habet,
1489 529 1986 619 quemadmodum
2052 530 2343 594 bonorum
2395 531 2689 607 virorum,
2744 529 2896 593 dum
2944 531 3157 605 vivunt,

911 642 1150 708 artimus
1195 641 1351 706 alios
1395 641 1666 726 offendit,
1712 641 1861 727 quia
1899 639 2055 706 vitia
2100 639 2348 703 illorum
2378 661 2449 703 ex·
2482 639 2837 726 propinquo
2883 640 3161 724 oppositus

915 753 1142 840 arguit.
1229 752 1391 816 Vere
1422 752 1731 829 Muretus,
1777 749 2047 835 Lipsius,
2087 749 2462 830 Gronovius,
2508 749 2804 814 Emestus
2845 762 2912 813 et
2948 748 3069 826 alii,
3103 760 3163 813 ut

911 862 1092 928 nimis
1121 884 1192 926 ex
1209 863 1578 947 propinquo.
1664 860 1865 926 Aliter
1894 862 2078 923 verba
2104 859 2251 922 nihil
2282 858 2628 923 Corneliani
2656 872 2897 924 sonant.

1003 971 1115 1035 Ad
1142 971 1403 1057 incoepta
1430 971 1626 1036 redeo.
1699 970 1796 1034 Ita
1815 969 1957 1033 libri
1983 991 2195 1032 omnes
2223 968 2390 1047 editi,
2411 967 2505 1032 vel
2534 969 2802 1053 incepta.
2876 967 3169 1053 00me

923 1080 1076 1146 MS.
1107 1079 1272 1144 Flor.
1303 1092 1575 1166 ancepw.
1661 1078 1969 1145 Tentabat
1993 1077 2035 1143 J
2041 1100 2134 1141 ac.
2165 1077 2537 1155 Gronovius,
2563 1077 2650 1142 ad
2674 1089 2895 1163 capta.

1009 1306 1186 1372 Cn.
1232 1318 1335 1377 34.
1383 1312 1597 1377 Asinii
1629 1313 1937 1378 Pollionis
1980 1314 2225 1399 scripta.
2313 1309 2726 1375 Historiarum
2770 1307 3173 1371 Romanarum

923 1412 1111 1480 libros
1144 1441 1331 1482 xvn.
1363 1422 1626 1507 scripsit,
1653 1436 1802 1487 teste
1832 1423 2023 1487 suida
2051 1424 2113 1486 in
2137 1421 2422 1494 Ἀσίννιος.

1013 1524 1335 1613 Βωενὶρίἂ
1361 1533 1659 1595 oratione.
1754 1532 1828 1596 In
1857 1533 1979 1618 qna
2022 1537 2065 1570 “
2091 1553 2370 1614 magnam
2400 1527 2717 1592 criminum
2748 1528 2878 1591 vim
2921 1526 2983 1589 in
3012 1524 3178 1610 Cato-

927 1656 1067 1697 nem
1106 1639 1432 1720 congessit.
1523 1640 1772 1705 Libello
1818 1639 2167 1705 Anticatoni
2212 1639 2457 1703 titulum
2488 1637 2689 1702 fecit.''
2764 1635 3075 1724 Ἔγραψα
3101 1635 3176 1700 οὖν

927 1746 1147 1821 πολλάς
1172 1774 1325 1822 τινας
1354 1755 1505 1814 κατὰ
1531 1757 1629 1814 τοῦ
1661 1749 1922 1825 Κάτωνος
1949 1751 2133 1824 αἲτιάς
2161 1747 2521 1834 συναγαγών·
2550 1750 2630 1811 τὸ
2659 1749 2713 1810 δὲ
2741 1746 2975 1826 βιβλίον
3017 1746 3175 1810 ’Am-

935 1854 1119 1920 κάτων
1148 1857 1584 1948 ἔπιγέγςαπται.
1635 1861 1950 1924 Plutarch.
1975 1861 2036 1924 in
2066 1859 2108 1925 J
2114 1857 2197 1922 ul.
2229 1857 2391 1922 Caes.
2421 1882 2483 1943 p.
2515 1865 2661 1928 753.

1020 1965 1306 2055 Namque
1359 1981 1561 2054 spreta
1620 1970 1975 2034 exolescunt.
2068 1969 2451 2033 Emendabat
2506 1968 2821 2048 Muretus,
2883 1990 3025 2031 nam
3068 1990 3177 2054 quer

935 2087 1132 2162 spreta
1163 2076 1519 2144 exolescunt.
1611 2078 2095 2163 Elegantissime,
2125 2079 2230 2143 sed
2258 2100 2378 2141 non
2404 2077 2764 2141 necessario.

1026 2304 1203 2372 CAP.
1249 2319 1353 2377 35.
1403 2312 1502 2378 Ne
1539 2315 1733 2379 victor
1760 2315 2016 2402 quidem.
2105 2313 2363 2399 Optime
2396 2311 2706 2375 Ernestus.
2800 2306 2878 2371 In
2909 2306 3175 2372 veteribus

943 2414 1327 2499 editionibus,
1355 2446 1459 2487 nec
1489 2425 1682 2489 victor
1708 2425 1969 2512 quidem,
1998 2424 2183 2489 obvio
2203 2421 2582 2488 librariorum
2613 2443 2840 2484 errore.

1033 2523 1348 2593 occultati
1391 2543 1451 2595 et
1495 2533 1668 2597 editi.
1756 2533 1981 2600 Mallet
2017 2532 2390 2610 Vertranius,
2430 2541 2488 2595 et
2529 2530 2752 2595 abditi.
2842 2528 3097 2593 Minime
3118 2552 3174 2592 er

945 2656 1059 2698 usu
1087 2635 1312 2717 Taciti,
1357 2641 1459 2726 qui
1501 2665 1797 2728 nusquam
1836 2644 2110 2708 inanibus
2139 2641 2335 2707 verbis
2365 2641 2540 2705 ludit.
2626 2641 2858 2704 Tentat
2899 2638 3176 2718 Ernestus,

945 2744 1196 2812 redditi.
1286 2749 1539 2831 ΜεΙίὺε,
1568 2755 1675 2817 sed
1703 2754 1830 2818 sine
1858 2753 2151 2818 acumine.

1035 2854 1292 2922 Punitis
1318 2859 1598 2948 ingenitis.
1690 2864 1993 2927 Servitute
2022 2865 2369 2927 deteruntur
2398 2859 2653 2944 ingenia,
2691 2860 2895 2945 vigent
2924 2860 3177 2934 libertate,

946 2966 1193 3032 licentia
1222 2987 1715 3056 corrumpuntur,
1761 2997 1945 3060 quam
1982 2973 2096 3036 nisi
2135 2971 2494 3036 arctioribus
2534 2970 2735 3054 legum
2770 2970 3015 3035 vinculis
3040 2990 3177 3032 coer·

950 3100 1110 3157 ceas,
1161 3080 1391 3144 atrocia
1435 3081 1496 3143 in
1524 3081 1750 3145 scelera
1789 3083 2076 3168 erumpit.
2164 3080 2314 3145 Inde
2357 3081 2737 3145 severissimae
2784 3079 2907 3144 illae
2949 3077 3174 3164 gentium

953 3187 1226 3271 omnium
1258 3190 1539 3254 adversus
1569 3191 1944 3275 ingeniorum
1972 3190 2274 3256 licentiam
2302 3190 2505 3275 leges;
2550 3214 2700 3275 quas
2729 3203 2795 3255 ut
2827 3191 2981 3253 nova
3008 3201 3176 3252 aucto-

954 3296 1130 3360 ritate
1159 3298 1611 3380 confirmemus,
1652 3301 1834 3364 haud.
1858 3301 2025 3385 piget
2052 3324 2185 3364 eam
2225 3325 2301 3364 ex
2336 3300 2487 3363 MS.
2516 3311 2727 3364 nostro
2757 3313 2958 3364 vetere
2998 3293 3175 3360 Basili-

956 3429 1169 3471 corum
1199 3407 1489 3492 glossario
1519 3411 1873 3474 sententiam
1916 3410 2149 3489 afferre,
2192 3409 2399 3475 Ἰσ-τέον
2443 3412 2496 3472 δὲ
2543 3407 2622 3473 ὅτι
2665 3411 2759 3473 καὶ
2802 3416 2855 3473 οἳ
2880 3414 2953 3472 τὰ
2982 3405 3177 3487 <pantica

955 3523 1250 3596 ποιοῦντες,
1291 3520 1385 3581 καὶ
1417 3526 1464 3583 οἳ
1494 3520 1848 3608 εὑρίσκοντες,
1895 3522 1989 3584 καὶ
2022 3528 2069 3584 οἳ
2112 3520 2604 3607 ἅναγινῶᾶκοντες,
2635 3501 2739 3583 καὶ·
2758 3519 2843 3601 μή
2871 3521 3174 3606 παραχρῆιια

959 3626 1388 3713 διαῤῥηγνῦντες,
1420 3628 2153 3718 κεφαλικῶζτιμωροῦνται.
2218 3637 2261 3669 “
2294 3628 2623 3692 Sciendum
2654 3642 2745 3692 est
2773 3652 2881 3693 eos
2903 3628 3001 3714 qui
3025 3627 3175 3688 famo-

962 3754 1064 3796 sos
1107 3733 1344 3800 libellos
1389 3753 1791 3823 componunt,
1831 3740 2158 3818 inveniunt,
2198 3738 2427 3824 legunt,
2471 3763 2582 3803 nec
2635 3738 2836 3803 statim
2885 3738 3174 3812 dilacerant,

964 3861 1097 3904 esse
1123 3845 1324 3929 capite
1363 3847 1757 3931 puniendos.”
1797 3854 1804 3862 '
1846 3848 2005 3921 Quae
2035 3850 2198 3914 dicta
2228 3850 2367 3927 sint,
2410 3871 2535 3912 non
2562 3848 2621 3912 in
2663 3848 3028 3913 Cremutium
3057 3844 3174 3908 Cor-

965 3950 1136 4031 dum,
1195 3954 1587 4020 fortissimum
1648 3958 1983 4045 Sejanianae
2041 3958 2373 4023 insolentiae
2428 3958 2750 4038 vindicem,
2806 3961 2908 4023 sed
2953 3954 3175 4020 adversus

964 4062 1312 4126 licentiosos
1370 4065 1675 4150 religionis
1734 4080 1795 4152 et
1836 4068 2247 4150 humanitatiS,
2296 4068 2502 4153 patriae
2545 4094 2616 4134 ac
2665 4068 2962 4155 Principis
3000 4067 3171 4129 hostes.

970 4172 1176 4246 Suidae
1230 4197 1474 4261 quoque
1528 4193 1944 4244 memorantur
1999 4181 2319 4265 ’φάμωσσω
2431 4177 2712 4268 Ipsisque
2771 4202 2907 4246 xu.
2956 4169 3175 4247 Tabulib
