3200 5509
352 546 410 605 AD
431 544 505 605 LIB.
526 546 550 603 1.
570 494 673 605 ΑΝΝ.1
691 543 727 603 C.
746 542 869 603 CORN.
887 541 1035 603 tuctur.
1196 548 1257 611 3⁸7

519 694 675 763 Nunour
700 694 868 759 Cursum

462 872 464 877 -
567 830 825 895 Gneuturch

429 986 477 1031 rr.
499 963 677 1031 Avcvsrl.
702 985 738 1028 u.
763 961 846 1029 oIvI
868 966 959 1028 Avo.

415 1100 530 1167 Pnou.
552 1100 732 1167 Fnuurnr.
754 1100 968 1165 Avova‘rum

498 1258 640 1305 sonunt.
662 1237 889 1303 Avsvsrunr.

127 1430 294 1497 memorate
311 1430 581 1517 apudGruterum,
600 1455 631 1516 p.
646 1439 718 1502 237.
738 1453 768 1494 n.
788 1440 814 1493 1.
830 1430 1266 1509 v1.v1n.Avevsr.Seoiri

127 1542 314 1631 Augustales
326 1542 523 1629 appellantur.
569 1540 621 1605 De
642 1542 688 1605 his
707 1540 859 1606 sodalibus
877 1540 944 1615 vide
959 1540 1008 1606 cl.
1025 1540 1132 1620 Noris,
1155 1541 1256 1608 Ceno·

63 1692 68 1697 -
126 1653 212 1737 taph.
226 1652 328 1719 nisan.
344 1652 473 1719 nissen.
490 1672 515 1723 1.
531 1676 598 1738 cap.
613 1638 646 1717 6.·
665 1675 697 1737 p.
712 1653 764 1718 56.
787 1650 878 1729 Gon,
902 1648 1042 1736 Inscript.
1057 1651 1163 1739 untiq.
1182 1653 1255 1719 vu.

130 1783 172 1829 11.
186 1787 219 1849 p.
233 1772 284 1831 54.

171 1870 297 1938 Sodules
317 1872 429 1937 Tetios.
460 1871 509 1937 Ita
533 1872 608 1939 MS.
633 1872 717 1939 Flor.
739 1872 888 1937 editiones
911 1886 1036 1951 veteres,
1057 1873 1204 1941 Ernestua
1225 1889 1257 1941 et

126 1983 316 2048 recentiores.
375 1978 497 2069 Lipsius
525 1996 555 2046 et
580 1982 629 2047 alii
658 1981 793 2047 nonnulli
821 1981 884 2047 sine
910 1982 1058 2048 librorum
1081 1985 1257 2051 auctoritate

125 2094 296 2174 emendant,
322 2090 429 2157 Tit-ios.
445 2090 596 2157 Praetered
609 2091 739 2177 plurime
752 2092 906 2176 disputant
918 2092 1104 2178 interpretes,
1118 2108 1152 2159 ut
1163 2094 1257 2161 Taci-

124 2218 191 2271 tum
206 2226 308 2267 secum
324 2202 447 2267 minimi
462 2204 630 2267 consentire
643 2202 788 2266 evincant.
832 2202 898 2267 Hic
918 2203 998 2267 enim
1019 2203 1136 2269 sodales
1147 2204 1256 2271 Tetios

123 2314 143 2379 d
156 2312 252 2379 Tatio
265 2312 416 2397 institutos
430 2312 537 2393 tradit3
563 2326 594 2376 et
606 2312 682 2377 infra
696 2312 780 2379 Hist.
797 2333 837 2377 11.
851 2322 903 2385 95.
918 2336 971 2377 eos
985 2312 1004 2377 d
1018 2312 1154 2379 Romulo
1162 2315 1257 2381 Tatio

124 2426 188 2510 regi
217 2435 349 2489 sacratos
374 2422 456 2492 dicit.
515 2423 654 2507 Pugnam
682 2422 724 2487 sic
752 2423 852 2490 dirimi
880 2446 970 2508 posse
1001 2426 1083 2489 recte
1108 2424 1257 2493 existimat

127 2535 274 2600 Picbena.
328 2534 445 2613 Tatius,
472 2533 653 2599 Sabinorum
682 2556 752 2615 ¹reu,
784 2530 815 2595 in
843 2547 959 2618 partem
984 2532 1118 2599 Romani
1138 2536 1257 2623 imperii

123 2656 279 2731 aceeptus,
308 2644 416 2709 Tatios
439 2642 555 2708 sodales
579 2642 717 2722 instituit,
748 2666 785 2706 ne
812 2643 994 2709 Sabinorum
1014 2645 1118 2729 religio
1135 2647 1256 2732 periret.

126 2756 262 2821 Mortuo
275 2753 379 2834 Tatio,
394 2754 510 2821 sodales
523 2754 591 2819 illos
610 2752 668 2839 ipsi
691 2752 785 2819 Tatio
798 2755 923 2819 sacravit
938 2754 1100 2835 Romulus,
1117 2770 1151 2821 ut
1170 2756 1258 2822 Sabi·

125 2888 235 2931 norum
245 2865 361 2934 anirum
376 2864 484 2929 certius
499 2863 669 2929 devinciret.
711 2865 743 2929 A
756 2863 855 2929 Tatiis
869 2864 1020 2930 sodalibus
1034 2865 1141 2931 diversi
1157 2866 1258 2933 viden·

125 2990 185 3054 tur,
199 2975 315 3041 sodales
331 2975 429 3051 Titii,·
450 2976 497 3040 r'to
519 2976 598 3087 dicti
611 2974 632 3039 d
649 2973 739 3038 Titiis
752 2975 859 3040 avibus
873 2998 949 3061 quos
967 2977 1002 3040 in
1016 2976 1155 3065 auguriis
1168 2978 1258 3042 certis
1328 3064 1332 3069 1

126 3086 284 3152 obseruare
297 3082 403 3164 solent,
424 3086 534 3163 Varro,
546 3086 582 3149 de
599 3082 719 3168 Lingut
735 3084 804 3149 Lat.
821 3105 871 3150 lv.
885 3108 917 3169 p.
930 3093 984 3149 23.

174 3195 259 3261 Tuus
277 3194 411 3281 primum
435 3209 540 3283 cepte.
574 3194 752 3272 Beroaldus,
777 3204 895 3280 coptos.
939 3193 1070 3280 Optime
1092 3196 1260 3263 emendavit

129 3303 265 3391 Lipsius,
279 3317 384 3392 erepte.
429 3305 481 3369 Sic
496 3305 574 3370 enim
590 3306 665 3369 infra
678 3328 745 3391 cao.
761 3313 814 3376 77.
836 3305 884 3368 At
898 3305 1012 3369 tlieetrr‘
1025 3304 1259 3393 lieentiepn'ore

127 3439 211 3481 anuo
225 3426 320 3503 copto
332 3416 460 3505 gravim
475 3426 538 3481 tum
553 3416 663 3503 erupit.
708 3414 760 3481 De
774 3413 933 3500 multiplici
943 3416 1157 3499 Augustalium
1170 3417 1259 3483 ludo·

127 3550 195 3591 rum
220 3526 403 3592 institutione
410 3525 493 3617 ,vide
518 3524 664 3605 Dionem,
690 3546 758 3589 nrv.
777 3550 809 3611 p.
824 3534 885 3597 527
901 3539 932 3590 et
946 3534 1019 3592 545.
1044 3548 1115 3593 nvr.
1136 3552 1170 3613 p.
1182 3529 1258 3594 600.

129 3634 218 3701 Alios
231 3636 319 3702 ludos
333 3639 392 3702 hoe
410 3660 488 3701 anno
502 3635 521 3699 d
537 3636 626 3701 Livia
645 3635 795 3701 institutos
818 3634 929 3700 ibidem
951 3650 1109 3702 memorat.
1161 3640 1260 3725 Lipsii

128 3746 377 3822 emendationem,
405 3757 512 3833 rupte,
541 3746 669 3811 editores
699 3768 804 3810 omnes
832 3760 1034 3811 assumserunt
1054 3748 1086 3812 in
1111 3750 1258 3830 ordinem,

127 3855 239 3920 Tacito
263 3856 329 3943 ipso
353 3859 429 3921 infra
457 3870 589 3935 auctore,
616 3856 707 3921 aiunt.
762 3856 847 3929 Quid
867 3856 918 3929 ille
938 3858 1025 3921 affert
1044 3857 1121 3923 infra
1148 3883 1176 3924 c.
1196 3864 1259 3932 77?

128 3966 253 4053 Nempe
267 3968 321 4032 ltoe
337 3990 418 4033 auno
434 3978 561 4053 ceptum
579 3966 692 4032 tlteatri
706 3965 870 4031 licentium.
911 3966 1030 4032 Tamne
1043 3970 1123 4049 serd,
1145 3981 1175 4034 et
1193 3971 1261 4037 uni·

129 4080 263 4143 versam?
287 4077 456 4143 Licentim
470 4076 646 4143 histrionum
671 4090 701 4141 et
725 4080 877 4143 fautorum
886 4078 953 4163 jam
972 4080 1086 4143 dudum
1105 4083 1162 4146 sub
1175 4082 1259 4167 Aug.

130 4186 386 4269 pantomimorum
414 4201 547 4255 amatore
575 4186 793 4253 studiosissimo
819 4187 986 4273 invaluisse,
1013 4201 1044 4253 et
1067 4188 1133 4276 ipsa
1154 4215 1201 4257 rea
1229 4204 1261 4259 et

129 4295 259 4363 historiae
287 4298 461 4385 loquuntur.
504 4298 577 4364 Jam
607 4297 754 4363 Horatius
783 4297 910 4383 'plebem
937 4300 968 4362 in
1000 4302 1116 4366 theatro
1147 4303 1261 4371 viderat

127 4405 301 4495 depugnare
320 4420 480 4494 peretum,
501 4409 528 4473 sl
545 4408 732 4473 discordaret
753 4430 850 4495 eques.
905 4407 1039 4475 Minime
1063 4412 1136 4497 ergd
1161 4426 1260 4479 totum

128 4515 188 4580 hoc
201 4540 291 4600 genus
305 4518 432 4585 licentio
446 4530 519 4585 tunc
533 4519 683 4585 invectum
698 4518 756 4583 dici
777 4518 888 4605 potuit,
910 4519 981 4583 cum
999 4520 1063 4586 ludi
1078 4522 1260 4607 Augustales

129 4627 284 4712 darentur;
307 4632 359 4697 sed
377 4632 433 4696 hos
457 4630 545 4697 ludos
568 4641 641 4695 tuuc
650 4628 787 4717 primum
802 4629 956 4693 institutos
969 4631 1099 4697 mrbavit
1111 4632 1259 4700 discmdia
