3200 5509
325 570 330 579 -
349 550 405 613 198
700 542 734 601 C.
754 540 950 605 CORNELII
968 539 1103 601 Tactrt
1254 542 1292 599 Α.
1303 542 1342 601 tt.
1350 546 1386 603 C.
1397 550 1464 613 m

345 694 526 793 “quidem
557 694 745 770 cruciatus¹
779 695 817 765 in
839 716 920 767 eum
943 692 1161 769 suffecerint:
1198 692 1251 767 sin
1275 694 1414 792 flagitia²
1435 718 1467 771 et

346 817 371 853 “
387 808 537 883 facinora
552 809 622 883 sine
638 810 741 884 modo
754 824 854 898 sunt,
881 806 1052 903 suppliciis
1076 831 1115 883 ac
1128 807 1300 895 remediis,
1309 809 1465 908 Principis

346 932 371 966 “
388 922 586 1011 moderatio,
602 926 837 1020 majorumque
853 937 887 993 et
902 938 1013 993 vestra
1031 920 1187 1017 exempla
1211 938 1419 1018 temperant:
1433 943 1466 998 et

347 1044 372 1079 “
389 1060 474 1107 vana
502 1036 523 1107 i
547 1036 705 1123 scelestis,
733 1036 823 1109 dicta
848 1034 869 1105 it
895 1029 1066 1107 maleficiis
1092 1034 1275 1111 differunt:
1301 1054 1352 1110 est
1377 1040 1468 1113 locus

346 1156 372 1190 “
389 1148 574 1236 sententiae,
593 1174 654 1243 per
674 1174 778 1244 quam
793 1172 905 1243 neque
923 1148 1002 1223 huic
1028 1148 1190 1223 delicmtn
1211 1148 1352 1245 impune
1365 1151 1422 1239 dt,
1437 1170 1466 1225 et

347 1267 371 1303 “
388 1284 451 1335 nos
471 1261 658 1335 clementiae
673 1261 773 1333 simul
789 1286 828 1333 ac
852 1261 1033 1335 severitatis
1052 1284 1128 1361 ¹non
1152 1262 1323 1361 poeniteet.
1373 1268 1490 1362 sepe-

346 1381 371 1417 “
388 1374 499 1447 audivi
514 1374 704 1470 Principem
720 1392 875 1449 nostrum
890 1380 1178 1471 conquerentem,³
1204 1375 1232 1447 si
1248 1377 1337 1475 quis,
1357 1378 1467 1452 nunti

347 1494 372 1529 “
390 1504 513 1575 morte,
541 1487 803 1559 misericordiam
829 1490 901 1585 ejus
926 1486 1150 1584 praevenisset.
1189 1488 1267 1561 Vita
1283 1493 1325 1564 C.
1342 1492 1467 1565 Lutorii

329 1671 333 1679 ,
345 1607 372 1641 “
388 1600 424 1671 in
440 1599 572 1697 integro
589 1617 651 1689 est,
663 1601 722 1697 qui
737 1618 849 1698 neque
863 1618 1013 1686 serimus
1023 1600 1059 1676 in
1068 1600 1258 1697 periculum
1266 1604 1468 1698 reipublicae,

329 1720 373 1791 ,“
389 1736 500 1809 neque
521 1712 716 1788 interfectus
731 1715 766 1785 in
782 1715 979 1810 exemplum
994 1715 1075 1787 ibit:
1100 1715 1210 1787 studia
1232 1715 1295 1803 illi,
1315 1734 1353 1817 ut
1375 1719 1468 1813 plem

330 1900 333 1903 .
347 1832 373 1868 “
390 1826 570 1916 vecordiae,
586 1827 631 1899 ita
645 1826 907 1909 iraardaetfluxa
921 1846 1021 1907 sunt:
1044 1828 1306 1924 necquidquam
1321 1856 1467 1927 graveac

347 1946 372 1981 “
389 1939 514 2011 serium
531 1965 575 2011 ex
591 1964 633 2011 eo
655 1958 796 2027 metuas,
823 1940 883 2035 qui
907 1965 1049 2013 suorum
1068 1941 1139 2037 ipse
1166 1941 1372 2040 flagitiorum
1398 1970 1468 2042 pro

347 2060 374 2096 “
390 2054 492 2141 ditor,
520 2076 590 2125 non
618 2054 769 2139 virorum
790 2052 923 2140 animis,
944 2054 1004 2125 sed
1028 2052 1305 2129 mulierculam
1332 2058 1467 2154 adrepit

348 2174 374 2207 ‘⁶
392 2168 501 2239 Cedat
507 2183 622 2261 tamen
633 2170 730 2255 urbe,
743 2184 789 2255 et,
806 2168 903 2239 bonis
919 2167 1058 2254 amissis,
1070 2165 1285 2267 aqutetigni
1296 2190 1467 2262 arcemn,

348 2286 373 2321 “
390 2280 483 2376 quod
499 2280 639 2375 perinde
655 2306 790 2370 ceme0,
803 2306 842 2355 ac
857 2281 885 2355 si
901 2283 977 2379 lege
992 2282 1169 2379 majestatis
1184 2288 1396 2357 teneretur.'’

397 2459 455 2579 ει.
482 2511 603 2581 sorus
630 2510 761 2605 Lepido
795 2512 975 2585 Rubellius
998 2509 1193 2585 araneae
1220 2513 1470 2587 consumam

348 2622 514 2695 adsensit:
537 2622 638 2695 ceteri
660 2625 858 2698 sententiam
879 2627 1045 2725 Agrippae
1072 2626 1199 2714 secuti3
1224 2627 1417 2722 ductusque
1438 2627 1468 2697 in

350 2758 520 2805 carcerem
539 2735 686 2823 Priscus,
707 2738 874 2811 aestatim
885 2739 1105 2813 exanimatus.
1141 2738 1182 2811 ld
1196 2739 1354 2811 Tiberius
1372 2740 1469 2811 solitis

350 2846 412 2919 sibi
444 2848 641 2946 ambagibus
669 2850 759 2945 apud
791 2871 944 2925 senatum
974 2851 1149 2939 incusavit,
1177 2853 1262 2925 edm
1297 2854 1470 2924 extolleret

351 2968 377 3002 “
393 2959 562 3063 pietatem,
582 2963 734 3057 quamvis
750 2966 898 3037 modicas
913 2964 1076 3060 Principis
1091 2962 1227 3062 injurias
1242 2964 1362 3037 acriter
1378 2964 1470 3036 ulcis

351 3080 378 3115 “
394 3072 591 3163 centium;”
632 3076 870 3173 deprecaretur
912 3087 936 3121 ‘⁶
963 3096 1033 3151 tam
1065 3077 1254 3173 proecipites
1292 3080 1470 3151 verborum

337 3195 376 3268 ,“
392 3190 558 3283 poenas:”
601 3189 751 3263 laudaret
778 3192 960 3288 Lepidum,
995 3214 1058 3264 nec
1087 3190 1276 3287 Agrippam
1308 3208 1469 3286 argueret

349 3302 457 3398 Igitur
472 3300 600 3375 factum
615 3308 955 3394 senatusconsultum,
980 3314 1005 3351 “
1021 3327 1066 3376 ne
1082 3304 1217 3377 decreta
1240 3319 1376 3397 patrum
1400 3320 1470 3377 aitte

352 3415 486 3487 “diem
514 3406 710 3505 decimum,⁵
747 3421 789 3491 ad
814 3421 972 3493 aeranum
996 3415 1231 3507 deferrentur3
1267 3415 1370 3511 idque
1398 3416 1469 3489 vita

396 3625 406 3652 ¹
438 3628 558 3687 Ser-tiles
598 3631 703 3705 quidm
739 3630 887 3690 cruciatae.
979 3625 1166 3705 ’Principem
1178 3638 1301 3687 nostrum
1313 3646 1471 3702 conqueret·

354 3704 516 3777 Tormenta,
540 3709 678 3784 patibula,
701 3728 808 3779 cruces,
827 3710 889 3767 elii·
937 3715 1001 3767 ton.
1043 3708 1138 3783 Supte
1149 3708 1254 3765 Annsl.
1269 3724 1305 3764 11.
1318 3714 1365 3768 31.

354 3804 410 3861 quc
424 3786 450 3843 id
464 3806 549 3863 genus
561 3806 700 3845 serrorum
714 3790 868 3847 cruciatus.
971 3784 987 3821 ⁴
1002 3786 1143 3845 Rubellius
1157 3786 1282 3845 Blandus
1297 3786 1312 3841 ὲ
1325 3786 1469 3845 comior-'r

397 3861 605 3943 ²Sinflogitia.
645 3870 686 3925 At
705 3867 727 3924 si
744 3868 848 3942 flagitia
860 3879 888 3925 et
935 3869 993 3927 bttt.
1037 3864 1145 3926 Consul
1168 3864 1250 3923 luisse
1269 3865 1402 3932 creditur,
1423 3864 1467 3920 sed

356 3944 480 4001 facinore
492 3946 550 4003 sine
563 3947 646 4001 modo
658 3956 732 4014 sunt,
741 3946 887 4022 suppliciis
935 3948 1067 4020 suiectus
1100 3942 1220 4012 tantun,
1259 3943 1337 4001 circa
1367 3960 1467 4003 minum

357 4033 448 4081 tamon
462 4044 496 4083 uc
516 4026 652 4094 remediis,
678 4025 888 4101 Principismo·
936 4026 973 4083 U.
986 4026 1020 4081 C.
1034 4029 1102 4087 770.
1140 4021 1271 4081 lovetcri
1285 4020 1465 4099 lepideupud

355 4102 472 4173 duratio,
496 4105 690 4179 majorumque
703 4115 731 4161 et
743 4116 888 4162 vestraex·
937 4102 1080 4161 Muratori
1096 4101 1231 4160 Thesaur.
1268 4100 1356 4159 luscr.
1378 4098 1434 4160 vol.
1446 4118 1468 4155 r.

354 4180 624 4258 empletemporant.
665 4183 887 4241 Vensetisrnec
935 4201 964 4256 p.
978 4188 1045 4240 301.
1081 4182 1116 4238 C.
1138 4178 1359 4242 RVBELLIVS
1379 4178 1422 4237 C„
1438 4178 1467 4235 P.

354 4261 648 4335 superbeiscelcstis,
668 4262 887 4319 vcrbedmale-
937 4260 1127 4318 BLANDVS
1154 4259 1238 4319 SAC.
1259 4252 1348 4317 DIVI
1374 4257 1466 4314 AVG.

354 4340 427 4397 liciis
446 4340 584 4399 dill'erunt.
625 4341 675 4397 Est
696 4342 782 4415 igitur
808 4341 886 4398 locus
934 4338 998 4397 Til.
1012 4340 1069 4399 PL.
1083 4339 1142 4397 PR.
1156 4336 1241 4397 COS.
1256 4338 1290 4395 ln
1300 4337 1357 4394 alio
1369 4336 1466 4410 lapide,

353 4420 504 4489 sentcntiae,
530 4420 886 4495 perquamrrequeLuto-
934 4419 1109 4477 BLANDO
1156 4415 1210 4476 ET
1257 4414 1466 4475 POLLIONE

354 4497 396 4553 rio
420 4496 555 4557 delictum
581 4498 695 4573 impunc
719 4498 764 4569 sit,
785 4510 813 4555 ct
837 4518 885 4555 nos
934 4498 1042 4555 COSS.

354 4568 508 4633 clementiae
520 4577 605 4637 simul
617 4596 650 4637 ac
664 4578 818 4635 severitatis
829 4596 885 4637 uon
975 4574 1079 4635 'Ante
1093 4578 1163 4637 diem
1175 4578 1315 4635 deciam.
1345 4574 1468 4632 Voxdc·

353 4656 495 4733 witimi-
932 4656 1027 4715 cimam
1047 4660 1127 4717 abeat
1146 4658 1182 4718 ab
1198 4656 1318 4715 editione
1331 4656 1466 4733 principe
