3200 5509
931 193 1054 265 496
1536 189 1779 250 ΝΟΜ».
1818 188 1919 246 ET
1960 188 2618 253 EMENDA'rmNrs

1019 390 1206 469 CAP.
1279 410 1374 475 19.
1452 398 1745 465 Sacrovir
1809 398 1919 462 diu
1975 397 2405 464 dissimulatus.
2537 401 2884 488 Explicatio
2945 404 3126 474 Illustr.

933 512 1176 589 Huetii,
1214 510 1358 575 licet
1399 508 1646 574 minime
1676 506 2034 594 probabilis,
2076 509 2235 572 haud
2279 523 2479 575 tamen
2521 510 2764 577 silenda.
2846 522 2888 553 “
2913 515 3129 602 Vulgo}

927 624 1142 711 inquit,
1185 629 1226 660 “
1255 631 1590 704 exponunt,
1634 620 1947 705 objectum
1993 630 2086 683 est
2124 617 2211 682 illi
2254 620 2421 705 quod
2463 621 2762 690 Sacrovin‘
2794 624 3134 692 rebellium

928 735 1030 799 diu
1083 729 1535 797 dissimulasset.
1644 727 1812 800 Quid
1866 727 1916 792 si
1987 727 2070 792 ita
2123 727 2610 814 interpretemur,
2674 732 2840 818 quod
2902 735 3137 798 adversus

929 842 1317 908 Sacrovirum
1367 863 1496 905 rem
1541 837 1828 924 praeclare
1875 837 2172 922 gessisset,
2217 839 2320 903 diu
2367 839 2428 903 id
2462 839 2908 907 dissimularunt
2941 868 3142 909 accusa·

926 966 1112 1033 tores,
1155 975 1232 1016 ne
1275 952 1545 1015 favorem
1591 971 1696 1013 reo
1725 948 2155 1012 conciliarent?
2195 949 2465 1014 Tantum
2508 953 2840 1034 arguebant
2877 952 3141 1017 avaritiam

885 1112 894 1123 .
926 1064 988 1129 in
1025 1061 1302 1141 victoria,
1338 1075 1400 1124 et
1447 1058 1636 1123 Sosioe
1667 1057 1872 1123 uxoris
1900 1057 2159 1121 sordes.''
2244 1057 2407 1122 Haec
2436 1058 2678 1146 quidem
2711 1061 3006 1145 ingeniosa
3042 1086 3144 1125 esse

927 1194 1108 1236 nemo
1160 1169 1543 1234 inficiabitur.
1630 1168 1673 1233 J
1677 1191 1769 1232 ac.
1817 1167 2192 1246 Gronovius,
2265 1181 2332 1230 ut
2406 1168 2611 1232 nescio
2666 1170 2814 1256 quid
2870 1172 3147 1236 venustatis

928 1292 1210 1359 sectetur,
1237 1301 1456 1343 novam
1484 1276 1927 1341 distinctionem
1957 1276 2207 1355 inducit,
2252 1285 2297 1314 “
2327 1291 2624 1360 coguntur
2649 1293 2872 1364 patres.
2957 1281 3150 1344 Silente

928 1413 1056 1470 τοο,
1083 1388 1178 1453 vel
1207 1388 1257 1452 si
1285 1385 1696 1451 defensionem
1736 1397 2056 1472 coeptaret,
2095 1409 2220 1450 non
2247 1386 2807 1476 occidtantes-cujus
2837 1389 2927 1454 ira
2954 1414 3150 1475 preme-

897 1542 899 1545 .
929 1512 1109 1581 retur,
1135 1496 1559 1575 conscientias
1587 1499 1708 1562 διο.

1014 1710 1194 1776 ΟΔΡ.
1237 1720 1344 1777 20.
1393 1710 1518 1776 Sed
1572 1710 1934 1779 liberalitas.
2022 1709 2259 1793 Ryckio
2302 1710 2531 1774 videtur
2585 1710 2715 1775 haec
2760 1710 2947 1775 fuisse
2982 1711 3153 1775 Taciti

928 1843 1116 1900 mens,
1147 1828 1192 1859 “
1216 1820 1538 1886 Tiberium
1566 1819 1627 1884 in
1648 1821 1766 1884 hac
1799 1819 1933 1884 Silii
1953 1819 2451 1883 condemnatione
2479 1821 2788 1885 recessisse
2817 1821 3069 1905 primum
3094 1825 3155 1884 ab

925 1931 1260 1996 imitatione
1298 1930 1670 1995 abstinentias
1699 1943 1761 1994 et
1802 1927 2170 1993 liberalitatis
2199 1929 2482 2012 Augusti,
2519 1928 2624 2016 qui
2665 1952 2787 1993 non
2833 1929 3157 1994 sustinuerat

929 2063 1040 2106 nec
1070 2065 1146 2105 ex
1176 2039 1352 2107 bonis
1381 2038 1649 2119 illorum,
1678 2039 1783 2126 qui
1808 2038 2072 2103 damnati
2099 2050 2285 2119 eraut,
2312 2061 2552 2123 capere,
2580 2038 2631 2102 si
2656 2038 2717 2102 hi
2745 2037 2976 2103 liberos
2993 2034 3159 2102 habe-

929 2165 1098 2231 rent3
1146 2174 1258 2214 nec
1286 2174 1361 2214 ex
1393 2148 1766 2216 testamentis
1798 2148 2151 2228 amicorum,
2182 2147 2284 2235 qui
2314 2161 2588 2233 parentes
2616 2146 2881 2212 essent.”
2966 2147 3162 2212 Existi-

928 2272 1053 2325 mat
1095 2267 1137 2299 “
1166 2260 1348 2347 igitur
1394 2257 1907 2324 senatusconsulto
1953 2258 2155 2323 omnia
2198 2259 2358 2322 bona
2406 2257 2538 2322 Silii
2586 2257 2940 2323 confiscata.
3024 2258 3163 2324 Cum

927 2371 1070 2434 vero
1101 2384 1315 2455 quarta
1356 2368 1600 2433 illorum
1646 2391 1805 2453 pars,
1844 2392 1918 2432 ex
1962 2365 2096 2453 lege
2130 2367 2173 2434 J
2180 2365 2304 2430 ulia
2347 2367 2696 2453 majestatis,
2740 2368 3162 2432 accusatoribus

860 2476 864 2481 ’
926 2480 1270 2557 deberetur,
1312 2478 1451 2542 hinc
1482 2477 1542 2542 in
1572 2477 1890 2543 duodecim
1921 2477 2087 2564 quasi
2129 2476 2332 2543 uncias
2372 2478 2503 2540 haec
2532 2477 2711 2542 dividi
2749 2480 3074 2556 debebant,
3109 2491 3160 2541 ut

924 2586 1043 2652 illis
1071 2589 1384 2673 quadrans,
1424 2610 1530 2651 seu
1574 2601 1693 2651 tres
1743 2587 1930 2652 unciae
1974 2589 2298 2665 darentur;
2340 2586 2597 2651 dodrans
2624 2588 2791 2667 vero,
2839 2609 2948 2652 seu
2974 2611 3162 2651 novem

925 2697 1117 2761 unciae
1171 2696 1576 2781 redigerentur
1618 2696 1679 2760 in
1723 2697 1960 2761 fiscum.
2048 2697 2232 2768 Quod
2278 2699 2420 2760 cum
2475 2717 2633 2761 nunc
2684 2695 2961 2781 primum
3012 2697 3164 2762 fuerit

921 2805 1291 2871 exsecutioni
1337 2809 1684 2871 mandatum
1731 2807 1793 2871 in
1836 2821 1978 2872 casu
2020 2829 2143 2892 quo
2182 2802 2498 2870 damnatus
2541 2805 2764 2871 liberos
2809 2806 3164 2893 relinqueret,

921 2915 1220 2980 exclamat
1244 2913 1556 2997 Tacitu8,”
1583 2918 1689 2982 sed
1717 2916 2043 2981 liberalitas
2062 2916 2320 3000 Augusti
2350 2913 2570 2996 avulsa,
2587 2916 2962 3001 computatis
2991 2916 3166 3002 singil-

921 3025 1108 3107 latim,
1155 3050 1290 3114 quae
1333 3026 1482 3092 fisco
1511 3029 1886 3112 petebantur.
1974 3024 2046 3089 In
2089 3026 2205 3089 hac
2250 3025 2652 3111 explicatione
2691 3026 2844 3091 nihil
2885 3026 3160 3091 nativum:

918 3138 1471 3222 eamqueconfutat
1499 3135 1591 3201 vel
1624 3160 1739 3201 una
1768 3160 1884 3201 vox
1910 3135 2292 3223 singillatim.
2381 3136 2448 3200 N
2451 3159 2523 3199 ec
2550 3135 2888 3200 audiendus
2919 3135 3162 3221 LipsiuS,

919 3246 1026 3333 qui
1067 3270 1139 3310 ea
1168 3248 1242 3310 de
1271 3248 1568 3336 Augusti,
1614 3247 1673 3310 id
1716 3258 1826 3326 est,
1862 3244 2099 3310 Tiberii
2140 3244 2498 3310 liberalitate
2540 3244 2788 3330 accipit,
2837 3244 3008 3333 quasi
3043 3258 3160 3310 tunc

915 3355 1153 3437 avulsa,
1181 3371 1287 3422 aut
1321 3371 1389 3422 ut
1418 3357 1689 3442 corrigit,
1718 3355 2000 3422 convulsa
2046 3355 2227 3420 fuerit
2267 3353 2522 3435 Tiberii,
2550 3355 2835 3420 adversus
2871 3354 3162 3441 pecuniam

917 3465 1092 3531 antea
1134 3466 1279 3532 satis
1318 3466 1501 3547 firmi,
1547 3465 1892 3530 liberalitas.
1982 3459 2139 3530 Haec
2171 3466 2340 3544 dura,
2378 3488 2491 3529 nee
2541 3488 2618 3528 ex
2658 3487 2770 3528 usu
2812 3463 3038 3542 Taciti,
3077 3460 3162 3548 qui

914 3570 1233 3642 Tiberium
1289 3600 1597 3663 nunquam
1655 3575 2003 3661 Augustum
2059 3570 2405 3662 appellavit.
2516 3573 2732 3639 Potior
2796 3588 2895 3638 est
2948 3573 3162 3657 vulgata

915 3684 1352 3773 interpretatio,
1409 3677 1846 3764 Freinshemio,
1916 3680 2172 3764 Huetio,
2237 3684 2520 3764 Ernesto,
2595 3682 2853 3769 aliisque
2910 3681 3159 3768 plurimis

917 3798 1192 3876 probata.

1004 3902 1348 3971 Secund-um
1402 3905 1891 3972 necessitudinem
1948 3904 2116 3992 legis.
2220 3906 2379 3978 Quae
2437 3905 2516 3968 sit
2570 3902 2669 3968 lex
2722 3899 2830 3967 illa
2887 3901 3044 3966 haud
3089 3899 3158 3961 its

913 4024 1171 4078 constat.
1259 4014 1364 4080 De
1414 4015 1548 4100 lege
1595 4015 1921 4102 majestatis
1969 4014 2392 4101 interpretatur
2441 4013 2712 4097 Lipsius,
2761 4011 2909 4077 satis
2962 4010 3159 4096 proba·

913 4118 1137 4186 biliter.
1221 4122 1327 4187 Ab
1367 4123 1473 4188 illa
1503 4125 1720 4211 quarta
1760 4137 1931 4210 parte
1975 4126 2277 4190 bonorum
2320 4124 2439 4209 pro
2481 4121 2884 4189 accusationis
2929 4117 3157 4206 praemio

909 4230 1190 4317 accepts,
1245 4246 1629 4302 accusatores
1669 4233 1816 4301 dicti
1835 4248 1996 4304 sunt
2038 4234 2557 4322 quadruplatores.
2640 4233 2731 4299 At
2774 4230 3154 4297 invalescente
