<?xml version="1.0" encoding="UTF-8"?>
<!DOCTYPE html PUBLIC "-//W3C//DTD XHTML 1.0 Transitional//EN"
    "http://www.w3.org/TR/xhtml1/DTD/xhtml1-transitional.dtd">
<html xmlns="http://www.w3.org/1999/xhtml" xml:lang="en" lang="en">
 <head>
  <title>
</title>
<meta http-equiv="Content-Type" content="text/html;charset=utf-8" />
  <meta name='ocr-system' content='tesseract 3.04.00' />
  <meta name='ocr-capabilities' content='ocr_page ocr_carea ocr_par ocr_line ocrx_word'/>
</head>
<body>
  <div class='ocr_page' id='page_1' title='image "./opera00valpgoog_0349.png"; bbox 0 0 3200 5509; ppageno 0'>
   <div class='ocr_carea' id='block_1_1' title="bbox 288 505 1421 1671">
    <p class='ocr_par' dir='ltr' id='par_1_1' title="bbox 288 505 1421 1671">
     <span class='ocr_line' id='line_1_1' title="bbox 291 505 1420 582; baseline 0.004 -11"><span class='ocrx_word' id='word_1_1' title='bbox 291 507 350 572; x_wconf 68' lang='lat'><strong>282</strong></span> <span class='ocrx_word' id='word_1_2' title='bbox 657 507 692 564; x_wconf 92' lang='lat' dir='ltr'><strong>C.</strong></span> <span class='ocrx_word' id='word_1_3' title='bbox 712 506 907 568; x_wconf 84' lang='lat' dir='ltr'>CORNELII</span> <span class='ocrx_word' id='word_1_4' title='bbox 926 505 1061 569; x_wconf 81' lang='lat' dir='ltr'><strong>TAClTl</strong></span> <span class='ocrx_word' id='word_1_5' title='bbox 1203 515 1240 572; x_wconf 75' lang='lat' dir='ltr'><strong>A.</strong></span> <span class='ocrx_word' id='word_1_6' title='bbox 1252 513 1289 572; x_wconf 87' lang='lat' dir='ltr'><strong>U.</strong></span> <span class='ocrx_word' id='word_1_7' title='bbox 1301 515 1335 574; x_wconf 87' lang='lat' dir='ltr'><strong>C.</strong></span> <span class='ocrx_word' id='word_1_8' title='bbox 1349 521 1420 582; x_wconf 83' lang='grc'>780.</span> 
     </span>
     <span class='ocr_line' id='line_1_2' title="bbox 288 658 1417 761; baseline 0.006 -25"><span class='ocrx_word' id='word_1_9' title='bbox 288 660 441 751; x_wconf 83' lang='lat' dir='ltr'><strong>sonmos&#39;,</strong></span> <span class='ocrx_word' id='word_1_10' title='bbox 463 658 715 758; x_wconf 71' lang='lat' dir='ltr'><strong>stupitia&#39;matri</strong></span> <span class='ocrx_word' id='word_1_11' title='bbox 730 658 850 748; x_wconf 81' lang='lat' dir='ltr'><strong>Liviae,</strong></span> <span class='ocrx_word' id='word_1_12' title='bbox 874 676 975 757; x_wconf 84' lang='lat' dir='ltr'><strong>atque</strong></span> <span class='ocrx_word' id='word_1_13' title='bbox 985 661 1043 735; x_wconf 84' lang='lat' dir='ltr'><strong>illa</strong></span> <span class='ocrx_word' id='word_1_14' title='bbox 1054 665 1175 761; x_wconf 86' lang='lat' dir='ltr'><strong>Sejano</strong></span> <span class='ocrx_word' id='word_1_15' title='bbox 1191 665 1417 760; x_wconf 66' lang='lat' dir='ltr'><strong>putesceret:</strong></span> 
     </span>
     <span class='ocr_line' id='line_1_3' title="bbox 288 773 1418 878; baseline 0 -28"><span class='ocrx_word' id='word_1_16' title='bbox 288 779 348 876; x_wconf 90' lang='lat' dir='ltr'><strong>qui</strong></span> <span class='ocrx_word' id='word_1_17' title='bbox 363 776 502 850; x_wconf 74' lang='lat' dir='ltr'><strong>frmem</strong></span> <span class='ocrx_word' id='word_1_18' title='bbox 518 799 656 872; x_wconf 87' lang='lat' dir='ltr'><strong>quoque</strong></span> <span class='ocrx_word' id='word_1_19' title='bbox 678 773 828 845; x_wconf 88' lang='lat' dir='ltr'><strong>Neronis</strong></span> <span class='ocrx_word' id='word_1_20' title='bbox 851 775 1007 846; x_wconf 84' lang='lat' dir='ltr'><strong>Drusum</strong></span> <span class='ocrx_word' id='word_1_21' title='bbox 1031 776 1133 850; x_wconf 84' lang='lat' dir='ltr'>traxit</span> <span class='ocrx_word' id='word_1_22' title='bbox 1156 779 1192 850; x_wconf 91' lang='lat' dir='ltr'><strong>in</strong></span> <span class='ocrx_word' id='word_1_23' title='bbox 1207 797 1332 876; x_wconf 84' lang='lat' dir='ltr'><strong>partes,</strong></span> <span class='ocrx_word' id='word_1_24' title='bbox 1357 808 1418 878; x_wconf 83' lang='lat' dir='ltr'><strong>spe</strong></span> 
     </span>
     <span class='ocr_line' id='line_1_4' title="bbox 288 886 1418 989; baseline 0.003 -24"><span class='ocrx_word' id='word_1_25' title='bbox 288 887 603 989; x_wconf 58' lang='lat' dir='ltr'><strong>objecti‘ptincipis</strong></span> <span class='ocrx_word' id='word_1_26' title='bbox 628 886 707 976; x_wconf 86' lang='lat' dir='ltr'><strong>loci,</strong></span> <span class='ocrx_word' id='word_1_27' title='bbox 728 887 757 959; x_wconf 90' lang='lat' dir='ltr'><strong>si</strong></span> <span class='ocrx_word' id='word_1_28' title='bbox 780 887 930 982; x_wconf 83' lang='lat' dir='ltr'>priorem</span> <span class='ocrx_word' id='word_1_29' title='bbox 953 905 1053 962; x_wconf 79' lang='lat' dir='ltr'><strong>aetate</strong></span> <span class='ocrx_word' id='word_1_30' title='bbox 1076 894 1196 989; x_wconf 88' lang='lat' dir='ltr'><strong>etjam</strong></span> <span class='ocrx_word' id='word_1_31' title='bbox 1212 893 1418 969; x_wconf 82' lang='lat' dir='ltr'><strong>labefactum</strong></span> 
     </span>
     <span class='ocr_line' id='line_1_5' title="bbox 290 1001 1419 1105; baseline 0.003 -28"><span class='ocrx_word' id='word_1_32' title='bbox 290 1003 501 1078; x_wconf 87' lang='lat' dir='ltr'><strong>demovisset.</strong></span> <span class='ocrx_word' id='word_1_33' title='bbox 550 1007 665 1074; x_wconf 76' lang='lat' dir='ltr'><strong>Anox</strong></span> <span class='ocrx_word' id='word_1_34' title='bbox 691 1001 797 1074; x_wconf 85' lang='lat' dir='ltr'><strong>Drusi</strong></span> <span class='ocrx_word' id='word_1_35' title='bbox 818 1001 1006 1100; x_wconf 81' lang='lat' dir='ltr'>ingenium,</span> <span class='ocrx_word' id='word_1_36' title='bbox 1030 1029 1132 1100; x_wconf 88' lang='lat' dir='ltr'><strong>super</strong></span> <span class='ocrx_word' id='word_1_37' title='bbox 1147 1006 1342 1102; x_wconf 82' lang='lat' dir='ltr'>cupidinem</span> <span class='ocrx_word' id='word_1_38' title='bbox 1358 1035 1419 1105; x_wconf 92' lang='lat' dir='ltr'><strong>po-</strong></span> 
     </span>
     <span class='ocr_line' id='line_1_6' title="bbox 290 1113 1419 1219; baseline 0.004 -29"><span class='ocrx_word' id='word_1_39' title='bbox 290 1117 416 1205; x_wconf 67' lang='lat' dir='ltr'><strong>tentie,</strong></span> <span class='ocrx_word' id='word_1_40' title='bbox 431 1133 475 1190; x_wconf 69' lang='lat' dir='ltr'><strong>&#39;et</strong></span> <span class='ocrx_word' id='word_1_41' title='bbox 489 1116 587 1188; x_wconf 83' lang='lat' dir='ltr'><strong>solita</strong></span> <span class='ocrx_word' id='word_1_42' title='bbox 600 1113 760 1188; x_wconf 85' lang='lat' dir='ltr'><strong>fratribus</strong></span> <span class='ocrx_word' id='word_1_43' title='bbox 775 1117 865 1204; x_wconf 84' lang='lat' dir='ltr'><strong>odia,</strong></span> <span class='ocrx_word' id='word_1_44' title='bbox 887 1119 1133 1192; x_wconf 79' lang='lat' dir='ltr'><strong>accendebatur</strong></span> <span class='ocrx_word' id='word_1_45' title='bbox 1147 1119 1293 1193; x_wconf 70' lang='lat' dir='ltr'><strong>insidii:</strong></span> <span class='ocrx_word' id='word_1_46' title='bbox 1320 1123 1419 1219; x_wconf 74' lang='lat' dir='ltr'><strong>quod</strong></span> 
     </span>
     <span class='ocr_line' id='line_1_7' title="bbox 290 1229 1421 1332; baseline 0.002 -26"><span class='ocrx_word' id='word_1_47' title='bbox 290 1250 399 1306; x_wconf 85' lang='lat' dir='ltr'><strong>mater</strong></span> <span class='ocrx_word' id='word_1_48' title='bbox 419 1229 609 1328; x_wconf 83' lang='lat' dir='ltr'><strong>Agrippina</strong></span> <span class='ocrx_word' id='word_1_49' title='bbox 633 1230 800 1325; x_wconf 86' lang='lat' dir='ltr'><strong>promtior</strong></span> <span class='ocrx_word' id='word_1_50' title='bbox 820 1231 952 1304; x_wconf 82' lang='lat' dir='ltr'><strong>Neroni</strong></span> <span class='ocrx_word' id='word_1_51' title='bbox 974 1249 1066 1306; x_wconf 83' lang='lat' dir='ltr'><strong>erat:</strong></span> <span class='ocrx_word' id='word_1_52' title='bbox 1092 1257 1203 1332; x_wconf 85' lang='lat' dir='ltr'><strong>neque</strong></span> <span class='ocrx_word' id='word_1_53' title='bbox 1225 1251 1337 1308; x_wconf 83' lang='lat' dir='ltr'><strong>tamen</strong></span> <span class='ocrx_word' id='word_1_54' title='bbox 1358 1239 1421 1309; x_wconf 82' lang='lat' dir='ltr'><strong>Se·</strong></span> 
     </span>
     <span class='ocr_line' id='line_1_8' title="bbox 288 1341 1417 1446; baseline 0.002 -26"><span class='ocrx_word' id='word_1_55' title='bbox 288 1351 387 1446; x_wconf 82' lang='lat' dir='ltr'><strong>janus</strong></span> <span class='ocrx_word' id='word_1_56' title='bbox 397 1347 443 1416; x_wconf 80' lang='lat' dir='ltr'><strong>ita</strong></span> <span class='ocrx_word' id='word_1_57' title='bbox 457 1347 613 1416; x_wconf 81' lang='lat' dir='ltr'><strong>Drusum</strong></span> <span class='ocrx_word' id='word_1_58' title='bbox 624 1341 772 1431; x_wconf 79' lang='lat' dir='ltr'><strong>fovebat,</strong></span> <span class='ocrx_word' id='word_1_59' title='bbox 797 1360 918 1418; x_wconf 91' lang='lat' dir='ltr'><strong>utnon</strong></span> <span class='ocrx_word' id='word_1_60' title='bbox 933 1345 969 1418; x_wconf 90' lang='lat' dir='ltr'><strong>in</strong></span> <span class='ocrx_word' id='word_1_61' title='bbox 980 1372 1061 1419; x_wconf 91' lang='lat' dir='ltr'><strong>eum</strong></span> <span class='ocrx_word' id='word_1_62' title='bbox 1073 1373 1211 1445; x_wconf 90' lang='lat' dir='ltr'><strong>quoque</strong></span> <span class='ocrx_word' id='word_1_63' title='bbox 1226 1347 1350 1422; x_wconf 82' lang='lat' dir='ltr'><strong>semina</strong></span> <span class='ocrx_word' id='word_1_64' title='bbox 1360 1347 1417 1421; x_wconf 87' lang='lat' dir='ltr'><strong>fu·</strong></span> 
     </span>
     <span class='ocr_line' id='line_1_9' title="bbox 291 1457 1418 1561; baseline 0.003 -29"><span class='ocrx_word' id='word_1_65' title='bbox 291 1461 359 1532; x_wconf 88' lang='lat' dir='ltr'><strong>turi</strong></span> <span class='ocrx_word' id='word_1_66' title='bbox 375 1458 466 1532; x_wconf 86' lang='lat' dir='ltr'><strong>exitii</strong></span> <span class='ocrx_word' id='word_1_67' title='bbox 481 1458 720 1548; x_wconf 81' lang='lat' dir='ltr'><strong>meditaretur3</strong></span> <span class='ocrx_word' id='word_1_68' title='bbox 738 1481 865 1557; x_wconf 81' lang='lat' dir='ltr'><strong>gnarus</strong></span> <span class='ocrx_word' id='word_1_69' title='bbox 876 1457 1112 1556; x_wconf 75' lang='lat' dir='ltr'><strong>praeferocem,</strong></span> <span class='ocrx_word' id='word_1_70' title='bbox 1128 1460 1299 1536; x_wconf 86' lang='lat' dir='ltr'><strong>etinsidiis</strong></span> <span class='ocrx_word' id='word_1_71' title='bbox 1309 1461 1418 1561; x_wconf 75' lang='lat' dir='ltr'><strong>magis</strong></span> 
     </span>
     <span class='ocr_line' id='line_1_10' title="bbox 291 1590 729 1671; baseline -0.011 -23"><span class='ocrx_word' id='word_1_72' title='bbox 291 1590 534 1671; x_wconf 89' lang='lat' dir='ltr'><strong>opportunum.</strong></span> <span class='ocrx_word' id='word_1_73' title='bbox 725 1619 729 1626; x_wconf 87' lang='lat'><em>-</em></span> 
     </span>
    </p>
   </div>
   <div class='ocr_carea' id='block_1_2' title="bbox 292 1799 1422 2586">
    <p class='ocr_par' dir='ltr' id='par_1_2' title="bbox 292 1799 1422 2586">
     <span class='ocr_line' id='line_1_11' title="bbox 341 1799 1418 1904; baseline -0.001 -27"><span class='ocrx_word' id='word_1_74' title='bbox 341 1815 401 1877; x_wconf 87' lang='lat'><strong>61.</strong></span> <span class='ocrx_word' id='word_1_75' title='bbox 426 1805 522 1875; x_wconf 80' lang='lat' dir='ltr'><strong>an</strong></span> <span class='ocrx_word' id='word_1_76' title='bbox 539 1799 617 1873; x_wconf 89' lang='lat' dir='ltr'><strong>anni</strong></span> <span class='ocrx_word' id='word_1_77' title='bbox 633 1823 808 1874; x_wconf 80' lang='lat' dir='ltr'><strong>excessere</strong></span> <span class='ocrx_word' id='word_1_78' title='bbox 823 1801 970 1904; x_wconf 83' lang='lat' dir='ltr'><strong>insignes</strong></span> <span class='ocrx_word' id='word_1_79' title='bbox 985 1802 1060 1892; x_wconf 90' lang='lat' dir='ltr'><strong>viri,</strong></span> <span class='ocrx_word' id='word_1_80' title='bbox 1082 1803 1220 1878; x_wconf 81' lang='lat' dir='ltr'><strong>Asinius</strong></span> <span class='ocrx_word' id='word_1_81' title='bbox 1237 1804 1418 1904; x_wconf 78' lang='lat' dir='ltr'><strong>Agrippa,¹</strong></span> 
     </span>
     <span class='ocr_line' id='line_1_12' title="bbox 294 1913 1419 2016; baseline -0.002 -22"><span class='ocrx_word' id='word_1_82' title='bbox 294 1918 392 1994; x_wconf 78' lang='lat' dir='ltr'><strong>claris</strong></span> <span class='ocrx_word' id='word_1_83' title='bbox 406 1917 589 2015; x_wconf 89' lang='lat' dir='ltr'><strong>majoribus</strong></span> <span class='ocrx_word' id='word_1_84' title='bbox 604 1913 710 2012; x_wconf 72' lang='lat' dir='ltr'><strong>quim</strong></span> <span class='ocrx_word' id='word_1_85' title='bbox 725 1917 875 2006; x_wconf 86' lang='lat' dir='ltr'><strong>vetustis,</strong></span> <span class='ocrx_word' id='word_1_86' title='bbox 891 1917 1027 2014; x_wconf 68' lang='lat' dir='ltr'><strong>vitiique</strong></span> <span class='ocrx_word' id='word_1_87' title='bbox 1042 1941 1113 1991; x_wconf 92' lang='lat' dir='ltr'><strong>non</strong></span> <span class='ocrx_word' id='word_1_88' title='bbox 1125 1920 1295 2016; x_wconf 87' lang='lat' dir='ltr'><strong>degener;</strong></span> <span class='ocrx_word' id='word_1_89' title='bbox 1324 1937 1357 1991; x_wconf 91' lang='lat' dir='ltr'><strong>et</strong></span> <span class='ocrx_word' id='word_1_90' title='bbox 1370 1923 1419 2016; x_wconf 80' lang='lat' dir='ltr'><strong>Q.</strong></span> 
     </span>
     <span class='ocr_line' id='line_1_13' title="bbox 293 2027 1422 2131; baseline -0.002 -25"><span class='ocrx_word' id='word_1_91' title='bbox 293 2033 476 2107; x_wconf 74' lang='lat' dir='ltr'><strong>Haterius²</strong></span> <span class='ocrx_word' id='word_1_92' title='bbox 501 2027 627 2102; x_wconf 74' lang='lat' dir='ltr'><strong>iamilii</strong></span> <span class='ocrx_word' id='word_1_93' title='bbox 642 2029 822 2120; x_wconf 74' lang='lat' dir='ltr'><strong>senatofia,</strong></span> <span class='ocrx_word' id='word_1_94' title='bbox 848 2034 1061 2130; x_wconf 71' lang='lat' dir='ltr'><strong>eloquentius,-</strong></span> <span class='ocrx_word' id='word_1_95' title='bbox 1086 2035 1199 2131; x_wconf 90' lang='lat' dir='ltr'><strong>quoad</strong></span> <span class='ocrx_word' id='word_1_96' title='bbox 1220 2033 1318 2121; x_wconf 86' lang='lat' dir='ltr'><strong>vixit,</strong></span> <span class='ocrx_word' id='word_1_97' title='bbox 1334 2034 1422 2106; x_wconf 89' lang='lat' dir='ltr'><strong>cele-</strong></span> 
     </span>
     <span class='ocr_line' id='line_1_14' title="bbox 292 2145 1419 2244; baseline -0.002 -23"><span class='ocrx_word' id='word_1_98' title='bbox 292 2151 420 2222; x_wconf 81' lang='lat' dir='ltr'><strong>bratae:</strong></span> <span class='ocrx_word' id='word_1_99' title='bbox 446 2145 652 2218; x_wconf 84' lang='lat' dir='ltr'><strong>monimenta</strong></span> <span class='ocrx_word' id='word_1_100' title='bbox 682 2145 808 2243; x_wconf 84' lang='lat' dir='ltr'><strong>ingenii</strong></span> <span class='ocrx_word' id='word_1_101' title='bbox 836 2151 908 2244; x_wconf 89' lang='lat' dir='ltr'><strong>ejus</strong></span> <span class='ocrx_word' id='word_1_102' title='bbox 932 2147 1023 2219; x_wconf 90' lang='lat' dir='ltr'><strong>haud</strong></span> <span class='ocrx_word' id='word_1_103' title='bbox 1055 2147 1194 2244; x_wconf 85' lang='lat' dir='ltr'><strong>perinde</strong></span> <span class='ocrx_word' id='word_1_104' title='bbox 1220 2147 1419 2219; x_wconf 88' lang='lat' dir='ltr'><strong>retinentur.</strong></span> 
     </span>
     <span class='ocr_line' id='line_1_15' title="bbox 293 2258 1420 2360; baseline -0.004 -24"><span class='ocrx_word' id='word_1_105' title='bbox 293 2260 428 2336; x_wconf 84' lang='lat' dir='ltr'><strong>Scilicet</strong></span> <span class='ocrx_word' id='word_1_106' title='bbox 442 2259 570 2354; x_wconf 87' lang='lat' dir='ltr'><strong>impetn</strong></span> <span class='ocrx_word' id='word_1_107' title='bbox 592 2258 711 2359; x_wconf 83' lang='lat' dir='ltr'><strong>magis,</strong></span> <span class='ocrx_word' id='word_1_108' title='bbox 735 2260 841 2358; x_wconf 71' lang='lat' dir='ltr'><strong>quim</strong></span> <span class='ocrx_word' id='word_1_109' title='bbox 867 2259 950 2334; x_wconf 72' lang='lat' dir='ltr'><strong>curi</strong></span> <span class='ocrx_word' id='word_1_110' title='bbox 974 2262 1128 2360; x_wconf 84' lang='lat' dir='ltr'><strong>vigebat:</strong></span> <span class='ocrx_word' id='word_1_111' title='bbox 1154 2277 1259 2358; x_wconf 88' lang='lat' dir='ltr'><strong>utque</strong></span> <span class='ocrx_word' id='word_1_112' title='bbox 1275 2261 1420 2332; x_wconf 83' lang='lat' dir='ltr'><strong>aliorum</strong></span> 
     </span>
     <span class='ocr_line' id='line_1_16' title="bbox 294 2373 1420 2469; baseline 0.002 -23"><span class='ocrx_word' id='word_1_113' title='bbox 294 2374 465 2446; x_wconf 84' lang='lat' dir='ltr'><strong>meditatio</strong></span> <span class='ocrx_word' id='word_1_114' title='bbox 480 2389 515 2445; x_wconf 89' lang='lat' dir='ltr'><strong>et</strong></span> <span class='ocrx_word' id='word_1_115' title='bbox 529 2373 626 2445; x_wconf 86' lang='lat' dir='ltr'><strong>labor</strong></span> <span class='ocrx_word' id='word_1_116' title='bbox 636 2373 673 2444; x_wconf 90' lang='lat' dir='ltr'><strong>in</strong></span> <span class='ocrx_word' id='word_1_117' title='bbox 687 2391 861 2469; x_wconf 87' lang='lat' dir='ltr'><strong>posterum</strong></span> <span class='ocrx_word' id='word_1_118' title='bbox 877 2375 1033 2448; x_wconf 81' lang='lat' dir='ltr'><strong>valescit:</strong></span> <span class='ocrx_word' id='word_1_119' title='bbox 1051 2375 1097 2448; x_wconf 88' lang='lat' dir='ltr'><strong>sic</strong></span> <span class='ocrx_word' id='word_1_120' title='bbox 1110 2374 1239 2448; x_wconf 84' lang='lat' dir='ltr'><strong>Haterii</strong></span> <span class='ocrx_word' id='word_1_121' title='bbox 1255 2395 1420 2448; x_wconf 84' lang='lat' dir='ltr'><strong>canorum</strong></span> 
     </span>
     <span class='ocr_line' id='line_1_17' title="bbox 293 2479 1203 2586; baseline 0.002 -26"><span class='ocrx_word' id='word_1_122' title='bbox 293 2479 378 2562; x_wconf 91' lang='lat' dir='ltr'><strong>illud</strong></span> <span class='ocrx_word' id='word_1_123' title='bbox 394 2505 428 2560; x_wconf 89' lang='lat' dir='ltr'><strong>et</strong></span> <span class='ocrx_word' id='word_1_124' title='bbox 440 2485 624 2586; x_wconf 88' lang='lat' dir='ltr'><strong>profluens,</strong></span> <span class='ocrx_word' id='word_1_125' title='bbox 640 2487 809 2584; x_wconf 86' lang='lat' dir='ltr'><strong>cumipse</strong></span> <span class='ocrx_word' id='word_1_126' title='bbox 825 2489 925 2561; x_wconf 90' lang='lat' dir='ltr'><strong>simul</strong></span> <span class='ocrx_word' id='word_1_127' title='bbox 941 2489 1128 2564; x_wconf 86' lang='lat' dir='ltr'><strong>extinctum</strong></span> <span class='ocrx_word' id='word_1_128' title='bbox 1143 2505 1203 2562; x_wconf 87' lang='lat' dir='ltr'><strong>est.</strong></span> 
     </span>
    </p>
   </div>
   <div class='ocr_carea' id='block_1_3' title="bbox 622 2816 1090 2894">
    <p class='ocr_par' dir='ltr' id='par_1_3' title="bbox 622 2816 1090 2894">
     <span class='ocr_line' id='line_1_18' title="bbox 622 2816 1090 2894; baseline 0.002 -7"><span class='ocrx_word' id='word_1_129' title='bbox 622 2818 668 2887; x_wconf 87' lang='lat' dir='ltr'><strong>A.</strong></span> <span class='ocrx_word' id='word_1_130' title='bbox 686 2816 735 2887; x_wconf 93' lang='lat' dir='ltr'><strong>U.</strong></span> <span class='ocrx_word' id='word_1_131' title='bbox 753 2816 796 2889; x_wconf 82' lang='lat' dir='ltr'><strong>C.</strong></span> <span class='ocrx_word' id='word_1_132' title='bbox 815 2823 897 2894; x_wconf 79' lang='lat' dir='ltr'><strong>tao.</strong></span> <span class='ocrx_word' id='word_1_133' title='bbox 922 2821 952 2892; x_wconf 93' lang='lat' dir='ltr'><strong>l.</strong></span> <span class='ocrx_word' id='word_1_134' title='bbox 971 2819 1014 2892; x_wconf 93' lang='lat' dir='ltr'><strong>C.</strong></span> <span class='ocrx_word' id='word_1_135' title='bbox 1032 2823 1090 2894; x_wconf 79' lang='lat'><strong>27.</strong></span> 
     </span>
    </p>
   </div>
   <div class='ocr_carea' id='block_1_4' title="bbox 294 3040 1422 3386">
    <p class='ocr_par' dir='ltr' id='par_1_4' title="bbox 294 3040 1422 3386">
     <span class='ocr_line' id='line_1_19' title="bbox 345 3040 1421 3140; baseline -0.001 -26"><span class='ocrx_word' id='word_1_136' title='bbox 345 3051 403 3114; x_wconf 76' lang='lat'><strong>62.</strong></span> <span class='ocrx_word' id='word_1_137' title='bbox 429 3044 482 3114; x_wconf 90' lang='lat' dir='ltr'><strong>M.</strong></span> <span class='ocrx_word' id='word_1_138' title='bbox 508 3044 678 3130; x_wconf 80' lang='lat' dir='ltr'><strong>Lrermo,</strong></span> <span class='ocrx_word' id='word_1_139' title='bbox 706 3045 748 3116; x_wconf 92' lang='lat' dir='ltr'><strong>L.</strong></span> <span class='ocrx_word' id='word_1_140' title='bbox 779 3043 966 3140; x_wconf 85' lang='lat' dir='ltr'><strong>Calpurnio</strong></span> <span class='ocrx_word' id='word_1_141' title='bbox 991 3043 1209 3132; x_wconf 55' lang='lat' dir='ltr'><strong>consulens?</strong></span> <span class='ocrx_word' id='word_1_142' title='bbox 1230 3040 1421 3140; x_wconf 85' lang='lat' dir='ltr'><strong>ingentium</strong></span> 
     </span>
     <span class='ocr_line' id='line_1_20' title="bbox 296 3155 1421 3256; baseline -0.003 -28"><span class='ocrx_word' id='word_1_143' title='bbox 296 3155 466 3233; x_wconf 85' lang='lat' dir='ltr'><strong>bellorum</strong></span> <span class='ocrx_word' id='word_1_144' title='bbox 480 3157 613 3228; x_wconf 79' lang='lat' dir='ltr'><strong>cladem</strong></span> <span class='ocrx_word' id='word_1_145' title='bbox 628 3156 773 3253; x_wconf 84' lang='lat' dir='ltr'><strong>aequavit</strong></span> <span class='ocrx_word' id='word_1_146' title='bbox 788 3160 917 3232; x_wconf 84' lang='lat' dir='ltr'><strong>malum</strong></span> <span class='ocrx_word' id='word_1_147' title='bbox 932 3159 1174 3256; x_wconf 84' lang='lat' dir='ltr'><strong>improvisum:</strong></span> <span class='ocrx_word' id='word_1_148' title='bbox 1200 3158 1273 3254; x_wconf 84' lang='lat' dir='ltr'><strong>ejus</strong></span> <span class='ocrx_word' id='word_1_149' title='bbox 1287 3155 1421 3227; x_wconf 89' lang='lat' dir='ltr'><strong>initium</strong></span> 
     </span>
     <span class='ocr_line' id='line_1_21' title="bbox 294 3267 1422 3386; baseline -0.003 -42"><span class='ocrx_word' id='word_1_150' title='bbox 294 3269 446 3344; x_wconf 87' lang='lat' dir='ltr'><strong>simulet</strong></span> <span class='ocrx_word' id='word_1_151' title='bbox 469 3271 545 3344; x_wconf 74' lang='lat' dir='ltr'><strong>fenis</strong></span> <span class='ocrx_word' id='word_1_152' title='bbox 570 3270 689 3343; x_wconf 87' lang='lat' dir='ltr'><strong>extitit.</strong></span> <span class='ocrx_word' id='word_1_153' title='bbox 738 3273 830 3344; x_wconf 85' lang='lat' dir='ltr'><strong>Nam</strong></span> <span class='ocrx_word' id='word_1_154' title='bbox 856 3289 971 3372; x_wconf 86' lang='lat' dir='ltr'><strong>coepto</strong></span> <span class='ocrx_word' id='word_1_155' title='bbox 996 3273 1086 3370; x_wconf 72' lang='lat' dir='ltr'><strong>a&#39;pud</strong></span> <span class='ocrx_word' id='word_1_156' title='bbox 1111 3267 1267 3343; x_wconf 79' lang='lat' dir='ltr'><strong>Fidenas⁴</strong></span> <span class='ocrx_word' id='word_1_157' title='bbox 1286 3268 1422 3386; x_wconf 38' lang='lat' dir='ltr'><strong>&#39;amphij</strong></span> 
     </span>
    </p>
   </div>
   <div class='ocr_carea' id='block_1_5' title="bbox 296 3466 1421 4657">
    <p class='ocr_par' dir='ltr' id='par_1_5' title="bbox 297 3466 1421 4018">
     <span class='ocr_line' id='line_1_22' title="bbox 337 3466 1421 3548; baseline -0.005 -21"><span class='ocrx_word' id='word_1_158' title='bbox 337 3466 347 3494; x_wconf 88' lang='lat'>¹</span> <span class='ocrx_word' id='word_1_159' title='bbox 363 3468 477 3528; x_wconf 77' lang='lat' dir='ltr'><strong>Atinias</strong></span> <span class='ocrx_word' id='word_1_160' title='bbox 491 3469 629 3548; x_wconf 78' lang='lat' dir='ltr'><strong>Agrippa.</strong></span> <span class='ocrx_word' id='word_1_161' title='bbox 651 3467 745 3536; x_wconf 84' lang='lat' dir='ltr'><strong>Quem</strong></span> <span class='ocrx_word' id='word_1_162' title='bbox 766 3488 832 3527; x_wconf 86' lang='lat' dir='ltr'><strong>eon-</strong></span> <span class='ocrx_word' id='word_1_163' title='bbox 888 3469 1084 3548; x_wconf 84' lang='lat' dir='ltr'><strong>Hieronymus,</strong></span> <span class='ocrx_word' id='word_1_164' title='bbox 1099 3469 1153 3546; x_wconf 90' lang='lat' dir='ltr'><strong>Ep.</strong></span> <span class='ocrx_word' id='word_1_165' title='bbox 1163 3486 1230 3526; x_wconf 78' lang='lat' dir='ltr'><strong>axi.</strong></span> <span class='ocrx_word' id='word_1_166' title='bbox 1245 3467 1280 3523; x_wconf 88' lang='lat' dir='ltr'><strong>ad</strong></span> <span class='ocrx_word' id='word_1_167' title='bbox 1291 3467 1421 3524; x_wconf 82' lang='lat' dir='ltr'><strong>Pamma-</strong></span> 
     </span>
     <span class='ocr_line' id='line_1_23' title="bbox 298 3545 1421 3626; baseline -0.002 -22"><span class='ocrx_word' id='word_1_168' title='bbox 298 3545 386 3606; x_wconf 86' lang='lat' dir='ltr'><strong>sulem</strong></span> <span class='ocrx_word' id='word_1_169' title='bbox 419 3548 539 3608; x_wconf 86' lang='lat' dir='ltr'><strong>vidimus</strong></span> <span class='ocrx_word' id='word_1_170' title='bbox 570 3567 656 3624; x_wconf 79' lang='lat' dir='ltr'><strong>supra</strong></span> <span class='ocrx_word' id='word_1_171' title='bbox 687 3568 751 3624; x_wconf 91' lang='lat' dir='ltr'><strong>cap.</strong></span> <span class='ocrx_word' id='word_1_172' title='bbox 781 3554 830 3607; x_wconf 79' lang='lat'><strong>³4.</strong></span> <span class='ocrx_word' id='word_1_173' title='bbox 887 3549 993 3620; x_wconf 86' lang='lat' dir='ltr'><strong>chium,</strong></span> <span class='ocrx_word' id='word_1_174' title='bbox 1010 3568 1072 3626; x_wconf 87' lang='lat' dir='ltr'><strong>cup.</strong></span> <span class='ocrx_word' id='word_1_175' title='bbox 1088 3556 1116 3606; x_wconf 80' lang='lat'><strong>4.</strong></span> <span class='ocrx_word' id='word_1_176' title='bbox 1140 3547 1260 3614; x_wconf 81' lang='lat' dir='ltr'><strong>Quintus</strong></span> <span class='ocrx_word' id='word_1_177' title='bbox 1272 3545 1421 3614; x_wconf 79' lang='lat' dir='ltr'><strong>Haterius,</strong></span> 
     </span>
     <span class='ocr_line' id='line_1_24' title="bbox 297 3625 1421 3706; baseline -0.004 -22"><span class='ocrx_word' id='word_1_178' title='bbox 297 3631 409 3684; x_wconf 80' lang='lat' dir='ltr'><strong>Auctor</strong></span> <span class='ocrx_word' id='word_1_179' title='bbox 436 3627 611 3688; x_wconf 71' lang='lat' dir='ltr'><strong>claritudinis</strong></span> <span class='ocrx_word' id='word_1_180' title='bbox 640 3627 741 3696; x_wconf 89' lang='lat' dir='ltr'><strong>Pollio,</strong></span> <span class='ocrx_word' id='word_1_181' title='bbox 775 3628 832 3684; x_wconf 89' lang='lat' dir='ltr'><strong>elo·</strong></span> <span class='ocrx_word' id='word_1_182' title='bbox 885 3628 1021 3706; x_wconf 82' lang='lat' dir='ltr'><strong>ingenium</strong></span> <span class='ocrx_word' id='word_1_183' title='bbox 1040 3627 1067 3685; x_wconf 84' lang='lat' dir='ltr'><strong>in</strong></span> <span class='ocrx_word' id='word_1_184' title='bbox 1089 3634 1229 3685; x_wconf 69' lang='lat' dir='ltr'><strong>mummolo</strong></span> <span class='ocrx_word' id='word_1_185' title='bbox 1246 3625 1371 3696; x_wconf 80' lang='lat' dir='ltr'><strong>ludebat,</strong></span> <span class='ocrx_word' id='word_1_186' title='bbox 1388 3631 1421 3680; x_wconf 83' lang='lat' dir='ltr'><strong>ut</strong></span> 
     </span>
     <span class='ocr_line' id='line_1_25' title="bbox 298 3706 1419 3784; baseline -0.002 -22"><span class='ocrx_word' id='word_1_187' title='bbox 298 3707 424 3782; x_wconf 63' lang='lat' dir='ltr'><strong>quentis,</strong></span> <span class='ocrx_word' id='word_1_188' title='bbox 434 3717 462 3764; x_wconf 86' lang='lat' dir='ltr'><strong>et</strong></span> <span class='ocrx_word' id='word_1_189' title='bbox 471 3707 592 3784; x_wconf 79' lang='lat' dir='ltr'><strong>Augusti</strong></span> <span class='ocrx_word' id='word_1_190' title='bbox 603 3706 829 3782; x_wconf 75' lang='lat' dir='ltr'><strong>amicitid,qui1n</strong></span> <span class='ocrx_word' id='word_1_191' title='bbox 884 3707 941 3764; x_wconf 83' lang='lat' dir='ltr'><strong>sine</strong></span> <span class='ocrx_word' id='word_1_192' title='bbox 966 3707 1097 3766; x_wconf 81' lang='lat' dir='ltr'><strong>monitore</strong></span> <span class='ocrx_word' id='word_1_193' title='bbox 1123 3713 1215 3764; x_wconf 79' lang='lat' dir='ltr'><strong>tacere</strong></span> <span class='ocrx_word' id='word_1_194' title='bbox 1240 3724 1293 3762; x_wconf 84' lang='lat' dir='ltr'><strong>noa</strong></span> <span class='ocrx_word' id='word_1_195' title='bbox 1319 3711 1419 3780; x_wconf 83' lang='lat' dir='ltr'><strong>posset.</strong></span> 
     </span>
     <span class='ocr_line' id='line_1_26' title="bbox 297 3783 1416 3864; baseline -0.001 -22"><span class='ocrx_word' id='word_1_196' title='bbox 297 3787 451 3863; x_wconf 77' lang='lat' dir='ltr'><strong>majoribus</strong></span> <span class='ocrx_word' id='word_1_197' title='bbox 464 3787 605 3863; x_wconf 82' lang='lat' dir='ltr'><strong>insignior.</strong></span> <span class='ocrx_word' id='word_1_198' title='bbox 628 3785 703 3842; x_wconf 92' lang='lat' dir='ltr'><strong>Vide</strong></span> <span class='ocrx_word' id='word_1_199' title='bbox 715 3798 832 3846; x_wconf 82' lang='lat' dir='ltr'><strong>stemma</strong></span> <span class='ocrx_word' id='word_1_200' title='bbox 886 3785 931 3844; x_wconf 86' lang='lat' dir='ltr'><strong>De</strong></span> <span class='ocrx_word' id='word_1_201' title='bbox 951 3806 1003 3862; x_wconf 82' lang='lat' dir='ltr'><strong>quo</strong></span> <span class='ocrx_word' id='word_1_202' title='bbox 1024 3785 1133 3864; x_wconf 74' lang='lat' dir='ltr'><strong>egregii</strong></span> <span class='ocrx_word' id='word_1_203' title='bbox 1147 3783 1239 3856; x_wconf 73' lang='lat' dir='ltr'><strong>Cesar·</strong></span> <span class='ocrx_word' id='word_1_204' title='bbox 1252 3783 1416 3859; x_wconf 79' lang='lat' dir='ltr'><strong>Augustus:</strong></span> 
     </span>
     <span class='ocr_line' id='line_1_27' title="bbox 299 3861 1419 3942; baseline -0.004 -20"><span class='ocrx_word' id='word_1_205' title='bbox 299 3866 459 3924; x_wconf 91' lang='lat' dir='ltr'><strong>Pollionum</strong></span> <span class='ocrx_word' id='word_1_206' title='bbox 482 3866 587 3926; x_wconf 86' lang='lat' dir='ltr'><strong>Annal.</strong></span> <span class='ocrx_word' id='word_1_207' title='bbox 613 3883 664 3924; x_wconf 87' lang='lat'><strong>111.</strong></span> <span class='ocrx_word' id='word_1_208' title='bbox 690 3871 738 3930; x_wconf 88' lang='grc'><strong>75.</strong></span> <span class='ocrx_word' id='word_1_209' title='bbox 760 3865 832 3922; x_wconf 84' lang='lat' dir='ltr'><strong>inter</strong></span> <span class='ocrx_word' id='word_1_210' title='bbox 887 3861 1419 3942; x_wconf 65' lang='lat' dir='ltr'><strong>Quintus,inquitnostcrsufflumiuoa·</strong></span> 
     </span>
     <span class='ocr_line' id='line_1_28' title="bbox 298 3940 1419 4018; baseline -0.005 -16"><span class='ocrx_word' id='word_1_211' title='bbox 298 3956 357 4002; x_wconf 87' lang='lat' dir='ltr'><strong>not.</strong></span> <span class='ocrx_word' id='word_1_212' title='bbox 368 3956 397 4002; x_wconf 89' lang='lat' dir='ltr'><strong>et</strong></span> <span class='ocrx_word' id='word_1_213' title='bbox 409 3947 517 4004; x_wconf 88' lang='lat' dir='ltr'><strong>emend.</strong></span> <span class='ocrx_word' id='word_1_214' title='bbox 885 3947 935 4003; x_wconf 83' lang='lat' dir='ltr'><strong>das</strong></span> <span class='ocrx_word' id='word_1_215' title='bbox 949 3951 1008 4003; x_wconf 78' lang='lat' dir='ltr'><strong>cst:</strong></span> <span class='ocrx_word' id='word_1_216' title='bbox 1030 3944 1118 4002; x_wconf 75' lang='lat' dir='ltr'><strong>ducti</strong></span> <span class='ocrx_word' id='word_1_217' title='bbox 1130 3941 1148 4001; x_wconf 71' lang='lat' dir='ltr'><strong>a</strong></span> <span class='ocrx_word' id='word_1_218' title='bbox 1164 3940 1294 4000; x_wconf 85' lang='lat' dir='ltr'><strong>curribus</strong></span> <span class='ocrx_word' id='word_1_219' title='bbox 1306 3958 1419 4018; x_wconf 89' lang='lat' dir='ltr'><strong>compa·</strong></span> 
     </span>
    </p>

    <p class='ocr_par' dir='ltr' id='par_1_6' title="bbox 296 4019 1418 4657">
     <span class='ocr_line' id='line_1_29' title="bbox 341 4019 1000 4094; baseline -0.003 -12"><span class='ocrx_word' id='word_1_220' title='bbox 341 4019 355 4048; x_wconf 87' lang='lat'><em>²</em></span> <span class='ocrx_word' id='word_1_221' title='bbox 387 4024 424 4094; x_wconf 84' lang='lat' dir='ltr'><strong>Q.</strong></span> <span class='ocrx_word' id='word_1_222' title='bbox 452 4024 597 4084; x_wconf 76' lang='lat' dir='ltr'><strong>Haterius.</strong></span> <span class='ocrx_word' id='word_1_223' title='bbox 631 4023 764 4082; x_wconf 83' lang='lat' dir='ltr'><strong>Mortuus</strong></span> <span class='ocrx_word' id='word_1_224' title='bbox 789 4033 831 4080; x_wconf 86' lang='lat' dir='ltr'><strong>est</strong></span> <span class='ocrx_word' id='word_1_225' title='bbox 886 4025 1000 4082; x_wconf 86' lang='lat' dir='ltr'><strong>ratione.</strong></span> 
     </span>
     <span class='ocr_line' id='line_1_30' title="bbox 296 4097 1418 4180; baseline -0.006 -20"><span class='ocrx_word' id='word_1_226' title='bbox 296 4105 508 4179; x_wconf 76' lang='lat' dir='ltr'><strong>nonagenarius,</strong></span> <span class='ocrx_word' id='word_1_227' title='bbox 543 4117 612 4163; x_wconf 83' lang='lat' dir='ltr'><strong>teste</strong></span> <span class='ocrx_word' id='word_1_228' title='bbox 648 4103 771 4161; x_wconf 87' lang='lat' dir='ltr'><strong>Eusebio</strong></span> <span class='ocrx_word' id='word_1_229' title='bbox 804 4104 832 4160; x_wconf 90' lang='lat' dir='ltr'><strong>in</strong></span> <span class='ocrx_word' id='word_1_230' title='bbox 925 4099 1108 4180; x_wconf 79' lang='lat' dir='ltr'><strong>&#39;Calpurnio</strong></span> <span class='ocrx_word' id='word_1_231' title='bbox 1123 4100 1198 4160; x_wconf 84' lang='lat' dir='ltr'><strong>Coss.</strong></span> <span class='ocrx_word' id='word_1_232' title='bbox 1239 4097 1418 4156; x_wconf 75' lang='lat' dir='ltr'><strong>illicimus</strong></span> 
     </span>
     <span class='ocr_line' id='line_1_31' title="bbox 299 4177 1418 4254; baseline -0.006 -14"><span class='ocrx_word' id='word_1_233' title='bbox 299 4183 430 4241; x_wconf 86' lang='lat' dir='ltr'><strong>Chronic.</strong></span> <span class='ocrx_word' id='word_1_234' title='bbox 462 4184 537 4242; x_wconf 85' lang='lat' dir='ltr'><strong>Eum</strong></span> <span class='ocrx_word' id='word_1_235' title='bbox 550 4183 762 4242; x_wconf 86' lang='lat' dir='ltr'><strong>celeberrimum</strong></span> <span class='ocrx_word' id='word_1_236' title='bbox 774 4181 832 4240; x_wconf 89' lang='lat' dir='ltr'><strong>suis</strong></span> <span class='ocrx_word' id='word_1_237' title='bbox 887 4183 1000 4240; x_wconf 83' lang='lat' dir='ltr'><strong>Crassus</strong></span> <span class='ocrx_word' id='word_1_238' title='bbox 1034 4195 1062 4240; x_wconf 87' lang='lat' dir='ltr'><strong>et</strong></span> <span class='ocrx_word' id='word_1_239' title='bbox 1092 4181 1124 4238; x_wconf 85' lang='lat' dir='ltr'><strong>L.</strong></span> <span class='ocrx_word' id='word_1_240' title='bbox 1149 4178 1322 4254; x_wconf 83' lang='lat' dir='ltr'><strong>Calpurnius</strong></span> <span class='ocrx_word' id='word_1_241' title='bbox 1355 4177 1418 4234; x_wconf 87' lang='lat' dir='ltr'><strong>Piso</strong></span> 
     </span>
     <span class='ocr_line' id='line_1_32' title="bbox 299 4255 1417 4338; baseline -0.008 -18"><span class='ocrx_word' id='word_1_242' title='bbox 299 4261 470 4338; x_wconf 80' lang='lat' dir='ltr'><strong>temporibus</strong></span> <span class='ocrx_word' id='word_1_243' title='bbox 487 4277 625 4323; x_wconf 87' lang='lat' dir='ltr'><strong>oratorem</strong></span> <span class='ocrx_word' id='word_1_244' title='bbox 645 4261 770 4338; x_wconf 83' lang='lat' dir='ltr'><strong>appella:</strong></span> <span class='ocrx_word' id='word_1_245' title='bbox 786 4261 834 4318; x_wconf 89' lang='lat' dir='ltr'><strong>Sc·</strong></span> <span class='ocrx_word' id='word_1_246' title='bbox 887 4261 1014 4320; x_wconf 87' lang='lat' dir='ltr'><strong>consules</strong></span> <span class='ocrx_word' id='word_1_247' title='bbox 1027 4262 1103 4318; x_wconf 84' lang='lat' dir='ltr'><strong>suere</strong></span> <span class='ocrx_word' id='word_1_248' title='bbox 1113 4263 1149 4318; x_wconf 81' lang='lat' dir='ltr'><strong>A.</strong></span> <span class='ocrx_word' id='word_1_249' title='bbox 1165 4259 1242 4316; x_wconf 85' lang='lat' dir='ltr'><strong>U.C.</strong></span> <span class='ocrx_word' id='word_1_250' title='bbox 1256 4263 1325 4323; x_wconf 83' lang='grc'><strong>780.</strong></span> <span class='ocrx_word' id='word_1_251' title='bbox 1346 4255 1374 4314; x_wconf 91' lang='lat' dir='ltr'><strong>J.</strong></span> <span class='ocrx_word' id='word_1_252' title='bbox 1385 4255 1417 4311; x_wconf 90' lang='lat' dir='ltr'><strong>C.</strong></span> 
     </span>
     <span class='ocr_line' id='line_1_33' title="bbox 296 4341 935 4418; baseline 0.002 -20"><span class='ocrx_word' id='word_1_253' title='bbox 296 4360 377 4413; x_wconf 87' lang='lat' dir='ltr'><strong>neca,</strong></span> <span class='ocrx_word' id='word_1_254' title='bbox 389 4341 442 4418; x_wconf 84' lang='lat' dir='ltr'><strong>Ep.</strong></span> <span class='ocrx_word' id='word_1_255' title='bbox 457 4359 509 4398; x_wconf 84' lang='lat' dir='ltr'><strong>xt.</strong></span> <span class='ocrx_word' id='word_1_256' title='bbox 521 4343 576 4400; x_wconf 85' lang='lat' dir='ltr'><strong>Sed</strong></span> <span class='ocrx_word' id='word_1_257' title='bbox 588 4343 648 4417; x_wconf 82' lang='lat' dir='ltr'><strong>ejus</strong></span> <span class='ocrx_word' id='word_1_258' title='bbox 660 4341 832 4418; x_wconf 87' lang='lat' dir='ltr'><strong>praecipitem</strong></span> <span class='ocrx_word' id='word_1_259' title='bbox 887 4345 935 4408; x_wconf 77' lang='lat'><strong>27.</strong></span> 
     </span>
     <span class='ocr_line' id='line_1_34' title="bbox 299 4413 1417 4493; baseline -0.007 -16"><span class='ocrx_word' id='word_1_260' title='bbox 299 4421 418 4479; x_wconf 88' lang='lat' dir='ltr'><strong>dicendo</strong></span> <span class='ocrx_word' id='word_1_261' title='bbox 442 4441 556 4479; x_wconf 91' lang='lat' dir='ltr'><strong>cursum</strong></span> <span class='ocrx_word' id='word_1_262' title='bbox 577 4424 613 4478; x_wconf 86' lang='lat' dir='ltr'><strong>ab</strong></span> <span class='ocrx_word' id='word_1_263' title='bbox 635 4419 747 4477; x_wconf 89' lang='lat' dir='ltr'><strong>homine</strong></span> <span class='ocrx_word' id='word_1_264' title='bbox 766 4439 833 4477; x_wconf 87' lang='lat' dir='ltr'><strong>sano</strong></span> <span class='ocrx_word' id='word_1_265' title='bbox 925 4417 1179 4493; x_wconf 79' lang='lat' dir='ltr'><strong>⁴Apudl&#39;idenaa.</strong></span> <span class='ocrx_word' id='word_1_266' title='bbox 1219 4415 1327 4492; x_wconf 85' lang='lat' dir='ltr'><strong>Pugum</strong></span> <span class='ocrx_word' id='word_1_267' title='bbox 1340 4413 1417 4472; x_wconf 82' lang='lat' dir='ltr'><strong>sabi-</strong></span> 
     </span>
     <span class='ocr_line' id='line_1_35' title="bbox 297 4495 1415 4576; baseline -0.01 -18"><span class='ocrx_word' id='word_1_268' title='bbox 297 4502 391 4558; x_wconf 85' lang='lat' dir='ltr'><strong>abesse</strong></span> <span class='ocrx_word' id='word_1_269' title='bbox 404 4501 475 4559; x_wconf 84' lang='lat' dir='ltr'><strong>vult.</strong></span> <span class='ocrx_word' id='word_1_270' title='bbox 517 4502 672 4576; x_wconf 83' lang='lat' dir='ltr'><strong>Numquam</strong></span> <span class='ocrx_word' id='word_1_271' title='bbox 686 4499 832 4568; x_wconf 79' lang='lat' dir='ltr'><strong>dubitarit,</strong></span> <span class='ocrx_word' id='word_1_272' title='bbox 886 4517 986 4557; x_wconf 91' lang='lat' dir='ltr'><strong>norum</strong></span> <span class='ocrx_word' id='word_1_273' title='bbox 998 4495 1088 4556; x_wconf 72' lang='lat' dir='ltr'><strong>Romi</strong></span> <span class='ocrx_word' id='word_1_274' title='bbox 1097 4515 1129 4554; x_wconf 80' lang='lat' dir='ltr'><strong>vr</strong></span> <span class='ocrx_word' id='word_1_275' title='bbox 1144 4514 1177 4552; x_wconf 79' lang='lat' dir='ltr'><strong>u.</strong></span> <span class='ocrx_word' id='word_1_276' title='bbox 1186 4495 1415 4572; x_wconf 76' lang='lat' dir='ltr'><strong>passdistantcm,</strong></span> 
     </span>
     <span class='ocr_line' id='line_1_36' title="bbox 297 4575 1413 4657; baseline -0.01 -19"><span class='ocrx_word' id='word_1_277' title='bbox 297 4599 440 4657; x_wconf 80' lang='lat' dir='ltr'><strong>attmpuom</strong></span> <span class='ocrx_word' id='word_1_278' title='bbox 459 4581 624 4638; x_wconf 81' lang='lat' dir='ltr'><strong>intermisit:</strong></span> <span class='ocrx_word' id='word_1_279' title='bbox 646 4579 727 4635; x_wconf 69' lang='lat' dir='ltr'><strong>&#39;reneri</strong></span> <span class='ocrx_word' id='word_1_280' title='bbox 739 4577 835 4654; x_wconf 81' lang='lat' dir='ltr'><strong>incipi·</strong></span> <span class='ocrx_word' id='word_1_281' title='bbox 888 4597 963 4637; x_wconf 89' lang='lat' dir='ltr'><strong>nunc</strong></span> <span class='ocrx_word' id='word_1_282' title='bbox 978 4575 1096 4634; x_wconf 82' lang='lat' dir='ltr'><strong>Castello</strong></span> <span class='ocrx_word' id='word_1_283' title='bbox 1107 4575 1242 4634; x_wconf 84' lang='lat' dir='ltr'><strong>Giabilco.</strong></span> <span class='ocrx_word' id='word_1_284' title='bbox 1271 4575 1413 4650; x_wconf 79' lang='lat' dir='ltr'><strong>Perpemm</strong></span> 
     </span>
    </p>
   </div>
   <div class='ocr_carea' id='block_1_6' title="bbox 298 4651 1414 4734">
    <p class='ocr_par' dir='ltr' id='par_1_7' title="bbox 298 4651 1414 4734">
     <span class='ocr_line' id='line_1_37' title="bbox 298 4651 1414 4734; baseline -0.012 -15"><span class='ocrx_word' id='word_1_285' title='bbox 298 4661 369 4734; x_wconf 82' lang='lat' dir='ltr'><strong>chat,</strong></span> <span class='ocrx_word' id='word_1_286' title='bbox 388 4661 468 4719; x_wconf 82' lang='lat' dir='ltr'><strong>semel</strong></span> <span class='ocrx_word' id='word_1_287' title='bbox 481 4659 630 4718; x_wconf 75' lang='lat' dir='ltr'><strong>desinebat.</strong></span> <span class='ocrx_word' id='word_1_288' title='bbox 672 4657 717 4716; x_wconf 86' lang='lat' dir='ltr'><strong>De</strong></span> <span class='ocrx_word' id='word_1_289' title='bbox 731 4656 780 4715; x_wconf 90' lang='lat' dir='ltr'><strong>illo</strong></span> <span class='ocrx_word' id='word_1_290' title='bbox 795 4659 833 4716; x_wconf 95' lang='lat' dir='ltr'><strong>D.</strong></span> <span class='ocrx_word' id='word_1_291' title='bbox 887 4658 916 4716; x_wconf 89' lang='lat' dir='ltr'><strong>in</strong></span> <span class='ocrx_word' id='word_1_292' title='bbox 948 4657 1026 4716; x_wconf 85' lang='lat' dir='ltr'><strong>libris</strong></span> <span class='ocrx_word' id='word_1_293' title='bbox 1065 4655 1145 4714; x_wconf 83' lang='lat' dir='ltr'><strong>editis</strong></span> <span class='ocrx_word' id='word_1_294' title='bbox 1177 4654 1250 4730; x_wconf 82' lang='lat' dir='ltr'><strong>apud</strong></span> <span class='ocrx_word' id='word_1_295' title='bbox 1282 4651 1414 4712; x_wconf 80' lang='lat' dir='ltr'><strong>Fidenam.</strong></span> 
     </span>
    </p>
   </div>
   <div class='ocr_carea' id='block_1_7' title="bbox 0 0 1612 5509">
    <p class='ocr_par' dir='ltr' id='par_1_8' title="bbox 0 0 1612 5509">
     <span class='ocr_line' id='line_1_38' title="bbox 0 0 1612 5509; baseline 0 0"><span class='ocrx_word' id='word_1_296' title='bbox 0 0 1612 5509; x_wconf 95' lang='lat' dir='ltr'><strong> </strong></span> 
     </span>
    </p>
   </div>
  </div>
 </body>
</html>
