3200 5509
178 529 206 590 J.
224 529 260 588 c.
279 533 324 594 17.
404 505 407 514 '
443 527 666 588 auuattuu
689 529 809 588 arana
829 529 1054 590 secuunus.
1259 543 1313 602 117

174 679 377 769 violentum,
418 698 452 753 et
479 679 631 776 obsequii
663 679 835 778 ignarum,
871 681 970 755 insita
1010 679 1136 756 ferocia
1169 683 1314 782 apatre

175 795 312 885 Pisone,
336 793 395 891 qui
417 792 506 866 civili
519 793 629 866 bello¹
655 809 870 892 resurgentes
890 797 928 867 in
952 794 1071 869 Affica
1088 815 1199 894 partes
1220 802 1314 872 acerss

174 907 265 982 rimo
286 907 468 982 ndatisterio
494 905 658 980 adversus
685 907 858 980 Caesarem
869 908 980 1004 juvit:
1006 935 1090 983 mox
1114 914 1262 985 Brutum
1278 932 1312 986 et

176 1025 355 1100 Cassium²
394 1039 543 1110 secutus,
584 1045 743 1094 concesso
781 1022 906 1111 reditu,
949 1023 1108 1120 petitione
1140 1027 1312 1100 honorum

175 1137 345 1242 abstinttin
369 1138 478 1210 donec
500 1137 591 1208 ultro
612 1135 798 1210 ambiretur
823 1137 973 1210 delatum
995 1141 1038 1212 ab
1055 1145 1215 1238 Augusto
1232 1129 1316 1213 con-¹

174 1254 321 1356 sulatum
359 1251 539 1350 accipere.³
590 1253 659 1348 Sed
685 1269 811 1347 praeter
835 1270 993 1349 paternos
1021 1253 1168 1348 spiritus,
1194 1254 1312 1326 uxoris

173 1391 313 1464 quoque
333 1366 502 1440 Plancinae
531 1363 703 1437 nobilitate
727 1381 761 1437 et
788 1365 910 1462 opibus
941 1368 1209 1439 accendebatur:
1252 1367 1310 1440 vix

172 1479 314 1554 Tiberio
327 1481 525 1568 concedere,
542 1479 665 1552 hberos
681 1482 753 1576 ejus
765 1497 804 1552 ut
822 1481 975 1554 multum
993 1479 1082 1552 infra
1092 1482 1286 1577 despectare
1298 1505 1314 1589 τ’

174 1595 399 1668 ῃεσάυὺὶυω
416 1595 572 1682 habebat,
598 1619 634 1666 se
651 1594 836 1682 delectum,
861 1594 920 1691 qui
942 1591 1048 1692 Syriae
1064 1593 1313 1690 imponeretur‚'

173 1709 218 1781 ad
244 1735 320 1804 spes
345 1708 542 1782 Germanici
566 1709 786 1780 coercendas:
814 1707 989 1780 credidere
1009 1709 1147 1804 quidam
1173 1709 1250 1779 data
1275 1725 1310 1779 et

173 1822 348 1896 {Tiberio
373 1823 508 1895 occulta
529 1823 697 1909 mandata,
722 1837 755 1894 et
775 1821 972 1894 Plancinam
998 1823 1089 1893 haud
1114 1820 1217 1894 dubie
1234 1826 1309 1894 Au·

171 1953 272 2034 gusta
286 1936 430 2023 monuit,
459 1935 616 2008 muliebri
632 1933 847 2009 aemulatione
858 1935 1084 2033 Agrippinam
1100 1935 1283 2008 insectandi
1296 1955 1315 2007 t·

171 2049 277 2122 divisa
300 2073 449 2146 namque
475 2065 508 2121 et
536 2049 665 2122 discors
697 2048 773 2121 aula
801 2065 887 2137 erat,
925 2049 1033 2122 tacitis
1063 2049 1099 2120 in
1127 2051 1310 2122 Drusum⁴

168 2181 230 2238 aut
256 2160 504 2236 Germanicum
524 2161 651 2234 studiis.
702 2161 873 2249 Tiberius,
897 2179 936 2234 ut
966 2161 1157 2257 proprium,
1189 2179 1223 2234 et
1255 2163 1307 2234 sui

167 2276 356 2374 sanguino,
379 2275 536 2348 Drusum
561 2273 719 2348 fovebat:
746 2273 968 2362 Gennanico,
992 2274 1145 2346 alienatio
1165 2275 1308 2371 pan11i‚⁵

167 2415 326 2464 amorem
345 2389 436 2486 apud
457 2407 587 2462 ceteros
602 2405 764 2488 auxerat3
792 2405 827 2461 et
851 2388 930 2487 quia
951 2387 1149 2462 claritudine
1164 2387 1307 2459 materni

166 2502 306 2604 generis
332 2502 491 2590 artabat,
527 2527 630 2575 avum
661 2505 714 2574 Μ.
738 2497 962 2591 Antonium,⁶
994 2501 1203 2574 aminculum
1232 2505 1306 2575 Au·

166 2621 327 2717 gustum⁷
351 2613 485 2688 ferens:
521 2633 639 2688 contra
662 2617 780 2687 Druso
802 2639 961 2710 proavus,
986 2639 1090 2712 eques
1113 2615 1313 2704 Romanus

166 2729 378 2827 Pomponius
394 2727 547 2802 Atticus⁸
572 2731 737 2802 dedecere
764 2727 990 2802 Claudiorum
1008 2725 1190 2824 imagines⁹
1213 2727 1303 2800 vide·

166 2848 291 2920 batur:
316 2860 351 2916 et
379 2846 530 2942 cunjunx
556 2841 752 2917 Gennanici
779 2841 982 2952 Agrippina,
1014 2839 1234 2914 foecunditate
1261 2866 1301 2914 ac

168 3108 350 3167 uirdmultie
360 3107 437 3165 uitiis
449 3105 567 3184 integer,
580 3107 628 3163 sed
640 3113 705 3182 pia·
802 3099 931 3161 ⁶aluum
967 3101 1012 3160 M.
1038 3104 1199 3160 Antonium.
1254 3101 1311 3160 lll.⁴

168 3207 231 3258 aar,
244 3195 272 3244 ct
289 3187 333 3244 cai
347 3187 473 3260 placebat
485 3205 536 3262 pra
549 3183 705 3244 canstantid
764 3184 904 3240 Antonius
918 3181 1047 3239 triumvir
1067 3201 1134 3238 arus
1153 3189 1213 3238 erat
1228 3183 1300 3239 Ger-

168 3267 259 3344 rr'gor.
301 3265 401 3336 Iratus,
429 3275 482 3323 tres
504 3265 638 3335 homines,
667 3265 704 3320 ob
762 3262 866 3318 manici
890 3259 1016 3318 Antonia
1040 3261 1156 3327 minore,
1181 3260 1299 3316 Antonii

169 3346 255 3404 unius
268 3344 465 3416 innocentiam,
479 3343 596 3402 interfici
605 3343 702 3418 jussit.
760 3337 827 3410 filli,
848 3339 943 3414 geniti.
983 3338 1058 3394 Vide
1080 3347 1160 3394 stctn.
1180 3337 1251 3396 Caes.
1268 3357 1297 3395 n.

170 3425 270 3484 Senec.
283 3424 322 3486 lb.
761 3425 799 3476 42
810 3429 839 3476 et
853 3425 900 3475 81.

800 3495 1000 3554 ⁷Aoauculum
1013 3497 1180 3574 Augustum.
1214 3495 1296 3574 Mag-

210 3581 220 3608 ¹
237 3581 411 3640 civitatula.
452 3580 617 3658 Pompeium
631 3581 703 3638 inter
758 3596 828 3634 num
840 3574 1024 3645 avunculum,
1033 3589 1065 3633 ut
1077 3587 1154 3651 patet
1167 3588 1295 3636 exstem.

167 3675 195 3720 ct
221 3662 342 3720 Juliuuu
361 3661 508 3718 Caesarcm.
562 3659 641 3727 Quid
673 3659 702 3715 in
759 3651 1143 3714 Caes.n.43.16.420t81.
1185 3655 1233 3711 Sic
1249 3673 1301 3725 sug

167 3739 270 3800 Africa
279 3738 552 3799 adversbsCaesatem
562 3739 627 3796 Piso
635 3757 702 3815 prm·
759 3754 885 3811 pracap.
899 3741 947 3800 97.
973 3735 1095 3791 Amitam
1109 3753 1160 3809 pro
1168 3753 1296 3810 magnam

167 3822 279 3892 stiterit,
300 3818 401 3896 passim
424 3831 518 3876 narrat
537 3818 647 3876 Hirtius
666 3819 701 3872 de
757 3815 878 3874 amitam.

169 3900 244 3960 Dell.
258 3901 349 3958 Afric.
798 3889 989 3970 ’Pomponius
1008 3891 1132 3948 Atticus.
1173 3891 1294 3968 Pompo·

207 3975 222 4004 ²
249 3979 367 4036 Brutum
391 3985 420 4034 et
446 3977 578 4035 Caurium.
630 3973 702 4033 Jutit
758 3973 820 4029 nius
841 3984 902 4028 etat
922 3969 1009 4026 Drusi
1029 3968 1146 4026 Cmaris
1161 3989 1292 4046 proavus.

169 4059 286 4118 casam
299 4057 497 4114 interfectores.
759 4053 829 4126 Ejus
839 4052 913 4107 enirn
924 4049 983 4105 tilia
994 4061 1127 4124 nupserat
1136 4049 1180 4106 M.
1190 4050 1292 4126 Agrip

208 4133 410 4196 'Consulatum
427 4137 559 4211 accipere.
603 4133 702 4188 Donec
758 4149 811 4207 pae.
852 4129 905 4185 llis
924 4129 1017 4204 genitu
1038 4128 1173 4205 Vipsania
1190 4130 1292 4206 Agrip-⁵

170 4221 315 4293 Augustus
339 4217 397 4291 ipse
416 4235 482 4274 eum
507 4223 643 4280 exorsum,
670 4222 702 4267 ut
758 4210 825 4286 pina
851 4209 938 4265 Drusi
965 4215 1062 4269 mator.
1115 4208 1189 4265 Vide
1210 4219 1290 4264 stem.

168 4315 264 4353 secum
286 4297 463 4354 consulatum
488 4303 601 4370 gereret,
624 4289 699 4365 quod
757 4291 828 4348 caes.
841 4307 870 4344 a.
884 4283 923 4354 69
935 4297 964 4342 et
977 4293 1024 4351 70.

170 4375 286 4449 contigit
295 4395 369 4432 anno
382 4375 418 4432 U.
432 4375 466 4432 C.
481 4379 548 4439 731.
562 4371 641 4428 A.C.
652 4375 700 4426 92.
796 4368 812 4408 ⁹=
835 4366 1011 4425 Claudiorum
1035 4367 1175 4444 imagines.
1229 4365 1290 4420 Do·'

208 4451 369 4516 ⁴Drueum.
408 4452 627 4520 Tibcn'ifiliutn.
756 4465 836 4504 mum
847 4444 954 4503 Tiberii
965 4446 1113 4521 Principis,
1125 4445 1218 4521 quzeb
1237 4445 1289 4500 Pu·

208 4531 219 4564 ⁵
249 4532 389 4600 Alienatia
412 4532 519 4608 patrui.
571 4527 699 4588 Tiberius
756 4527 840 4585 tricia
871 4521 977 4585 familia
1004 4525 1127 4583 cundia
1153 4525 1286 4600 originem

170 4611 331 4674 Germanici
343 4627 469 4691 patruus.
622 4678 628 4690 Δ
757 4607 889 4666 ducebat.
1288 4623 1292 4632 ¹
