3200 5509
690 503 948 573 nummulo.
1313 516 1389 583 xxiii

250 708 454 791 bonosum
473 730 635 789 sensum
652 704 781 787 auxit.
839 703 984 789 Brevis
1003 706 1171 814 quidem
1191 723 1254 794 est
1270 714 1386 799 libel·

246 850 338 933 tus:
366 858 412 933 at
438 850 481 931 in
503 874 594 956 quo.
617 860 816 931 aeternum
844 848 1016 957 egregiae
1046 851 1207 935 virtutis
1237 884 1384 943 monu-

248 1002 449 1090 mentum,
475 1000 518 1073 et
530 985 875 1071 absolutissimum
890 986 1140 1073 laudationis
1159 1000 1382 1108 exemplar.

301 1280 479 1395 Trojano
499 1282 560 1365 11.
594 1280 771 1375 conside
796 1308 907 1363 anno
929 1279 1055 1365 Urbis
1075 1282 1265 1370 Conditae
1285 1298 1380 1375 851.

245 1422 547 1509 Germanorum
575 1452 719 1521 moles,
759 1422 881 1534 leges,
908 1453 1100 1536 ususque,
1128 1429 1220 1538 pari
1251 1432 1382 1515 bacui-

245 1580 333 1653 tate
347 1570 590 1679 descripsit,¹
619 1580 708 1651 tum
727 1582 775 1651 ut
794 1596 940 1651 eorum
967 1570 1158 1653 laudibus
1177 1576 1381 1657 attolleret

242 1710 478 1822 Trajanum,
508 1712 703 1796 delimato
725 1710 880 1807 Nerva,
907 1740 1042 1795 rerum
1062 1716 1257 1823 potitum,
1278 1718 1382 1800 Ger·

243 1856 462 1965 manisque
479 1854 758 1951 formidatum,
788 1881 893 1963 quos
913 1856 1020 1938 inter
1049 1857 1185 1941 adhuc
1203 1860 1381 1970 agebam

243 2006 332 2078 tum
350 2010 400 2079 ut
420 1996 592 2095 Urbem,
610 1998 711 2081 luxu
729 2008 773 2079 et
790 1998 948 2082 deliciis
966 1999 1154 2100 fractam,
1171 2002 1226 2085 ad
1247 2003 1380 2087 viriles

242 2164 382 2222 sensus
401 2140 665 2224 aemulatione
683 2152 937 2250 provocaret.
985 2141 1084 2225 Plus
1103 2144 1156 2226 ad
1176 2172 1251 2229 nos
1270 2145 1380 2229 utili-

243 2283 339 2367 tatis
371 2286 569 2394 penvenit.
623 2282 877 2367 Germanica
903 2284 1015 2367 enim
1043 2286 1224 2384 libertas,
1263 2290 1378 2399 cujus

242 2428 325 2509 vim
371 2427 540 2511 Tacitus
594 2440 873 2539 presenserat,
943 2428 1017 2511 diu
1059 2456 1160 2513 cum
1205 2430 1379 2539 imperio

241 2568 432 2655 Romano
449 2572 619 2669 luctata,
647 2600 697 2656 ac
716 2573 884 2655 tandem
904 2572 1065 2670 victrix,
1091 2600 1217 2683 mgna
1247 2574 1380 2683 impe·

240 2712 431 2823 dumque
468 2714 658 2799 condidit
695 2716 776 2798 mis
814 2715 973 2826 legibus
1008 2728 1296 2825 attemperata,
1331 2730 1380 2800 ct

240 2856 347 2939 ultra
378 2869 559 2941 veterum
600 2859 930 2943 dominationum
970 2858 1210 2941 memoriam
1252 2858 1376 2971 longe

238 3000 513 3108 perennanda.
570 3000 713 3097 Quum
726 3001 847 3109 juvat
863 3011 1071 3081 tantarum
1089 3026 1223 3083 rerum
1253 3002 1376 3112 origi·

234 3144 399 3241 nem&
432 3146 769 3256 praestantissimo
801 3146 1000 3255 scriptore
1030 3142 1239 3241 uaditam,
1266 3141 1377 3228 evol·

236 3312 355 3379 vere;
386 3287 541 3397 publici
560 3288 807 3399 privatique,
825 3313 910 3397 quo
930 3288 1097 3383 utimur,
1117 3288 1221 3396 juris
1236 3286 1371 3381 fontes

236 3432 394 3539 apeiire
405 3462 417 3526 ς
444 3444 593 3515 nostrae
612 3432 765 3543 gloriae,
790 3440 943 3513 nostrae
976 3428 1198 3525 felicitatis,
1226 3426 1373 3511 ficuda-

235 3588 422 3659 mentum
441 3576 560 3657 sisnul
578 3590 621 3657 et
638 3586 917 3659 tutamentum
936 3570 1152 3655 meditari!

291 3860 368 3945 His
387 3862 593 3946 acerrimae
623 3865 769 3945 mentis
800 3861 994 3973 operibus
1024 3854 1136 3939 haud
1169 3852 1374 3965 impedita

234 4006 310 4087 fori
348 4005 497 4088 studia.
565 4005 761 4115 Cumque
805 4003 898 4090 Atii
937 3999 1120 4084 Marium
1168 3996 1370 4095 Priscum,

233 4354 294 4527 αἱ)
302 4349 403 4510 ’ἐξω
417 4352 455 4416 de
469 4348 614 4417 Moribus
627 4350 774 4419 German.
797 4378 808 4533 l
870 4346 885 4377 ⁸
903 4345 1005 4415 Tacit.
1018 4342 1092 4411 ibid.
1106 4364 1173 4429 cap.
1188 4348 1241 4411 st.
