3200 5509
290 502 381 577 mir
728 500 985 575 ummo.

291 704 370 785 bus
396 702 654 797 inclaruerat,
674 700 770 811 'ipse
798 702 1032 784 coecutierit.
1089 699 1148 783 At
1177 700 1282 783 inter
1302 698 1418 791 ἀθέως

292 844 458 934 minime
474 844 699 931 censendus
715 842 804 930 est}

349 1125 476 1209 Porrb
512 1129 588 1209 viri
613 1116 731 1209 ¹illius
769 1124 1016 1207 celeberrimi
1052 1124 1182 1233 gloria
1216 1124 1269 1207 ad
1307 1152 1416 1208 seros

295 1280 464 1379 nepotes
502 1280 728 1380 propagata
762 1279 835 1349 est.
889 1266 1011 1347 Illum
1051 1280 1260 1375 parentem
1297 1296 1415 1350 suum

297 1410 545 1517 appellabat,
557 1412 666 1493 etab
680 1436 728 1491 eo
742 1408 938 1518 originem
951 1407 1155 1491 ducerese
1168 1409 1417 1517 gloriabatur

299 1548 363 1633 M.
383 1548 578 1635 Claudius
607 1550 803 1647 Tacitus,²
834 1552 907 1658 qui
936 1550 1208 1659 principatum
1238 1537 1420 1633 obtinuit

298 1720 408 1775 anno
429 1690 557 1775 Urbis
576 1691 763 1776 Conditae
795 1701 914 1775 1028.
942 1692 1043 1779 Jesu
1064 1690 1213 1777 Christi
1233 1701 1327 1789 215.
1359 1692 1419 1773 vir

299 1834 457 1945 egregie
494 1849 685 1931 moratus,
721 1864 805 1919 non
841 1834 1078 1928 ambitione,
1120 1863 1202 1918 nou
1240 1834 1419 1929 crimine,

299 1976 370 2059 sed
404 1978 599 2086 singulari
635 1981 796 2061 senatos
839 1990 884 2061 et
928 1977 1178 2060 exercituum
1220 2000 1420 2062 consensu

299 2119 469 2229 imperio
513 2120 730 2204 admotus:
776 2119 882 2199 illius
925 2143 1073 2228 capax,
1116 2132 1162 2201 et
1205 2116 1312 2201 intra
1350 2143 1421 2201 sex

299 2262 457 2373 imperii
478 2264 539 2345 sui
564 2288 721 2345 menses
741 2256 1070 2343 tanta‘virtutum
1093 2262 1348 2359 claritudine,
1367 2272 1424 2343 ‘ut

299 2404 666 2495 laudatissimorum
687 2402 926 2512 Principum
944 2404 1112 2512 gloriam
1131 2407 1346 2511 roquhsset,
1364 2408 1423 2502 ni,
1475 2493 1482 2505 ,

300 2548 537 2658 urgentibus
569 2546 712 2629 Romae
749 2548 857 2643 fatis,
894 2544 979 2630 cito
1022 2546 1163 2629 fuisset
1201 2550 1423 2633 extinctus.

303 2686 479 2781 Cornelii
497 2686 631 2771 Taciti
651 2687 870 2798 imaginem
896 2688 941 2771 in
958 2686 1148 2771 omnibus
1168 2690 1424 2776 bibliothecis

302 2832 505 2930 collocari,
520 2832 685 2941 ejusque
699 2832 835 2929 libros,
855 2859 906 2915 ne
921 2832 1119 2915 lectorum
1132 2832 1290 2919 incuria
1302 2833 1426 2947 depe·

302 2976 443 3071 ruent,
471 3002 543 3083 per
562 3002 690 3060 annos
709 2977 885 3085 singulos
902 2976 1037 3061 decies
1055 2974 1223 3084 publieh
1240 2978 1426 3088 impensu

303 3118 346 3202 in
367 3118 511 3199 civicis
525 3116 697 3201 archivis
716 3118 905 3215 describi,
928 3132 971 3201 et
995 3117 1038 3200 in
1055 3116 1311 3202 bibliothecis
1325 3122 1425 3229 poni

300 3256 462 3375 jussitz³
490 3257 593 3357 orbi,
609 3258 732 3339 literis
751 3270 792 3339 et
810 3260 968 3367 parenti
982 3259 1136 3369 optime
1156 3262 1426 3360 consulturus,

304 3405 339 3487 si
356 3404 457 3510 ipse,
475 3410 550 3484 aut
568 3400 690 3483 frater
706 3402 788 3509 eius
810 3385 1037 3499 Florianus,
1055 3400 1126 3485 diu
1144 3404 1425 3511 imperdssent.

304 3544 524 3629 Recentior
551 3542 703 3641 adhue,
740 3572 818 3627 nec
853 3545 957 3629 forte
989 3546 1152 3627 ultimus
1188 3544 1426 3631 Tacitorurn

304 3688 478 3797 sanguis,
491 3684 727 3785 Polemios,⁴
746 3686 969 3783 Galliarum
991 3688 1182 3797 praetorio
1199 3688 1428 3797 prefectus,

347 4046 357 4075 ¹
382 4038 576 4109 ctJoannes
587 4039 841 4139 KynastorrTaci-
932 4046 947 4076 ²
966 4040 1121 4126 Vopiscus
1128 4041 1159 4105 in
1166 4041 1286 4121 Tacito,
1298 4066 1366 4129 cup.
1379 4054 1428 4109 10.

305 4138 370 4190 turn
389 4126 521 4189 defendit
542 4126 665 4209 pubhch
694 4126 840 4203 oratione,
932 4126 947 4163 ³
967 4125 1117 4208 Vopiscus
1130 4122 1203 4191 ibid.
1218 4125 1295 4195 Vide
1308 4144 1340 4195 et
1352 4130 1430 4194 Tes-

305 4212 422 4277 Oxonli
434 4210 548 4287 habim,
564 4222 595 4274 et
616 4210 746 4275 Londini
760 4208 840 4275 editt
890 4209 1015 4279 timonis
1031 4212 1183 4277 Veterum.

305 4316 383 4358 nuno
410 4294 720 4365 uenenorum
746 4294 836 4361 lecit:
930 4296 947 4331 ⁴
968 4293 1109 4363 Sidonius
1119 4296 1316 4383 Apollinaris,
1326 4298 1426 4389 Epist.

308 4376 346 4443 C.
371 4378 529 4443 Cornelius
559 4378 682 4443 Tacitus
713 4376 733 4443 d
748 4376 840 4465 salso
893 4400 942 4445 rr.
960 4390 1009 4447 14.

303 4464 466 4549 impietatis
480 4464 603 4529 crimim
618 4462 797 4529 uindicatur.
