3200 5509
639 444 897 573 rsuram
1256 528 1335 575 xm

204 704 418 786 nobilitate
461 712 505 785 et
547 699 750 796 doctrina,
783 704 902 811 quasi
946 702 1189 787 hereditario
1226 706 1332 813 jure,

203 844 382 945 illustris,
413 854 661 927 memoratur
679 844 789 925 circa
816 871 971 926 annum
994 842 1122 927 Urbis
1142 839 1331 927 Condito

208 997 327 1082 1229.
366 990 467 1076 Jesu
499 985 650 1069 Christi
685 980 780 1077 476.
836 986 1058 1101 Augustuli
1093 988 1135 1071 et‘
1169 988 1330 1099 imperii

203 1127 380 1212 Romani
398 1156 646 1240 supremum.

258 1406 411 1495 Verum
445 1414 564 1523 longe
594 1412 722 1524 major
753 1414 918 1523 ingenii,
954 1414 1078 1524 quarn
1107 1416 1326 1524 sauguinis,

199 1556 287 1636 laus
320 1557 470 1653 extitit,
500 1584 576 1639 nec
609 1570 810 1665 umquam
846 1560 1171 1641 intermoritura:
1200 1560 1328 1641 crevit

201 1718 274 1806 per
302 1708 442 1780 aetatffl
461 1698 621 1797 diffusa,
644 1697 672 1781 a
698 1698 794 1783 viris
824 1711 911 1782 tum
933 1698 1205 1810 Principibus,
1234 1711 1325 1783 tum

200 1840 382 1949 privatis,
404 1844 634 1939 sanctitate,
658 1842 876 1949 sapientia,
894 1852 938 1925 et
964 1841 1204 1924 fortitudine
1222 1868 1326 1951 prae·

199 1980 449 2079 cellentibus,
485 1984 538 2067 ad
576 2010 649 2065 nos
687 1983 943 2065 transmissa:
982 1982 1178 2067 eternum
1215 1982 1328 2075 vivet

198 2124 309 2233 apud
349 2136 487 2234 gentes
523 2126 731 2209 literarum
770 2141 814 2211 et
849 2127 1059 2209 hominurn
1103 2125 1320 2214 studiosas.

201 2264 375 2349 Nullum
402 2284 586 2377 superest
615 2268 720 2351 tanti
742 2246 817 2351 riri
845 2279 1168 2351 monumentum.
1224 2266 1325 2376 Ejus

199 2408 349 2517 imago,
386 2436 481 2517 quae
519 2410 767 2495 Interamna
804 2411 849 2493 iu
891 2409 1134 2520 Apostolico
1169 2406 1325 2517 puatio

199 2562 460 2647 monstratur,
491 2552 601 2635 nulla
635 2552 744 2635 valet
780 2552 1038 2659 antiquitatis
1065 2548 1327 2638 commenda·

197 2695 321 2777 tione.
378 2695 490 2779 Ante
516 2692 713 2777 ducentos
733 2722 874 2791 annos,
902 2692 1049 2777 rudera
1064 2693 1149 2803 ejus
1176 2692 1324 2775 tumuli

198 2834 335 2919 adhuc
385 2839 695 2921 ostentabantur
746 2835 857 2923 haud
895 2832 1037 2944 procul
1073 2833 1325 2933 Interamna,

197 2980 390 3087 viamque
426 2989 605 3089 propter,
646 3005 741 3089 quac
779 2976 994 3087 Spoletum
1028 2973 1157 3057 ducit.
1225 2974 1325 3071 Qua⁴

197 3123 412 3204 occasione
441 3116 596 3204 Hector
627 3120 855 3203 Simonetta
887 3147 937 3202 ea
968 3118 1054 3201 solo
1087 3116 1323 3226 aequaverit,
1404 3152 1418 3219 χ

197 3228 415 3373 Tacitique
432 3264 584 3347 cineres
603 3264 876 3373 dissipaverit,
904 3288 1077 3343 moerens
1093 3260 1180 3369 ejus
1204 3258 1324 3355 filius,

199 3402 465 3515 inscriptione
489 3406 532 3487 in
557 3434 654 3515 agro
687 3416 859 3517 paterno·
889 3388 1026 3514 posita
1054 3411 1163 3483 anno
1201 3384 1322 3482 1613.

196 3560 391 3630 testatum
410 3550 563 3637 voluit-¹

198 3918 209 3947 ¹
233 3910 314 3979 Hac
340 3908 407 3977 susi
429 3922 577 3976 memorat
601 3902 965 4059 FrancisuuglAugeloni,
992 3899 1134 3968 Historia
1158 3899 1193 3967 di
1218 3898 1323 3979 Temi,

713 4016 745 4077 p.
809 4036 817 4054 .
