3200 5509
636 516 893 588 PRAEFA‘rto.
1277 519 1329 585 xlv

199 724 403 837 quasdam
431 722 622 807 lectiones
652 749 703 803 ex
725 716 849 801 MSS'.
868 716 1079 801 codicibus
1101 717 1328 803 Bodleiano

202 878 246 953 et
264 866 561 950 Arundelliano
577 876 804 973 excerptas.

203 1206 209 1213 -
257 1152 439 1239 Joonnes
486 1148 695 1259 Augustus
735 1146 942 1244 Emeum,
990 1144 1235 1241 Germanum,
1281 1150 1325 1231 in

202 1292 389 1377 eamdem
419 1292 649 1401 palaestram
668 1290 822 1399 Lipsiae
853 1291 1048 1399 processit
1072 1297 1326 1384 ann01752.

203 1452 247 1518 et
275 1435 494 1518 maximam
529 1447 622 1545 post
666 1434 854 1543 Lipsium
885 1433 1049 1515 laudem
1082 1447 1325 1518 consecutus

206 1586 279 1660 est.
336 1576 387 1659 Iu
401 1576 654 1659 conferendis
673 1576 781 1658 enim
800 1576 1002 1659 veteribus
1020 1576 1265 1659 editionibus
1283 1590 1327 1660 et

206 1717 300 1803 MS.
321 1718 464 1804 codice
481 1719 805 1827 Guelferbytuno
824 1744 918 1800 acer
934 1730 976 1799 et
994 1717 1179 1827 diligens,
1195 1719 1328 1802 multa

156 1884 158 1888 ·
204 1888 301 1970 quae
337 1863 438 1945 ulios
485 1865 690 1946 latuerant
734 1860 936 1953 correxit3
993 1886 1166 1969 suusque
1206 1872 1326 1945 notas

206 2001 340 2113 Lipsii
374 2016 417 2087 et
447 2004 621 2093 Joannis
655 2005 857 2090 Frederici
890 2002 1087 2088 Gronovii
1122 2030 1328 2087 commen·
1378 2105 1384 2117 1

206 2144 319 2231 turiis
336 2147 509 2231 eddidit

262 2426 411 2515 Postea
429 2434 614 2543 prodiere
631 2434 893 2545 elegantiores
916 2430 1116 2515 editiones
1134 2430 1328 2542 Glesguae

207 2584 317 2653 buno
338 2580 457 2665 1753.
478 2573 655 2661 londini
685 2604 794 2660 anno
830 2576 947 2671 1760.
1002 2576 1082 2658 llle
1098 2590 1145 2659 ut
1161 2575 1205 2662 J.
1223 2574 1329 2659 Gro-

206 2712 332 2809 novii,
391 2712 480 2798 huso
524 2726 573 2799 ut
617 2718 768 2827 Ryclrii
822 2720 1031 2830 exemplar
1073 2720 1327 2829 exprimeret.

208 2852 411 2941 Eundem
429 2861 673 2976 elegantiam
692 2860 853 2945 Parisiis
870 2889 981 2945 anno
1002 2860 1120 2953 1760.
1144 2860 1330 2944 exhibuit

207 2992 271 3079 Cl.
289 2998 472 3085 Joannes
493 3000 688 3087 Nicoleus
709 3003 966 3102 Lallemand,
993 3032 1119 3112 quam
1140 3005 1214 3085 sud
1234 3004 1331 3085 cura

206 3140 397 3249 notisque
442 3144 608 3256 insuper
656 3147 885 3231 illustravit.
942 3146 993 3229 In
1030 3147 1110 3230 hbe
1150 3147 1331 3229 editione

208 3277 424 3367 Parisiensi
456 3287 625 3369 omissus
656 3302 718 3372 est
759 3287 960 3399 Dialogus
993 3288 1046 3371 de
1079 3285 1332 3384 Oratoribus,

208 3423 342 3531 quiin
361 3411 551 3511 omnibus
574 3430 819 3515 editionibus
840 3430 938 3513 ante
954 3440 1249 3541 compamerat.

204 3748 208 3759 ·
263 3704 371 3791 Satis
397 3711 450 3793 sit
475 3717 702 3826 praeeipuos
720 3716 858 3800 Taciti*
882 3718 1054 3800 editores
1072 3716 1331 3799 recensuisse.

210 3844 310 3946 Eos,
339 3853 412 3960 qui
430 3855 473 3936 in
488 3882 629 3975 omnes
647 3864 734 3973 ejus
752 3862 889 3959 libros,
908 3861 973 3943 vel
992 3858 1182 3971 singulos,
1201 3870 1333 3955 notus,

204 3991 586 4097 animadversiones,
632 4005 943 4086 commentarios
996 4003 1333 4111 conscripserunt,

207 4162 526 4225 oommemorare
572 4144 777 4229 infinitum
820 4148 927 4231 foret
970 4175 1020 4229 ac
1065 4146 1332 4227 fastidiosum.

209 4284 337 4368 Multi
355 4286 466 4369 euim
484 4288 750 4384 illaudabiles,
769 4291 911 4399 quales
926 4290 1116 4389 AEmilius
1133 4290 1332 4388 Ferretus,

207 4425 379 4516 Carolus
415 4426 665 4535 Paschalius‚
708 4427 944 4521 Ludovicus
978 4432 1203 4535 donimus,
1254 4434 1331 4519 &e
