<?xml version="1.0" encoding="UTF-8"?>
<!DOCTYPE html PUBLIC "-//W3C//DTD XHTML 1.0 Transitional//EN"
    "http://www.w3.org/TR/xhtml1/DTD/xhtml1-transitional.dtd">
<html xmlns="http://www.w3.org/1999/xhtml" xml:lang="en" lang="en">
 <head>
  <title>
</title>
<meta http-equiv="Content-Type" content="text/html;charset=utf-8" />
  <meta name='ocr-system' content='tesseract 3.04.00' />
  <meta name='ocr-capabilities' content='ocr_page ocr_carea ocr_par ocr_line ocrx_word'/>
</head>
<body>
  <div class='ocr_page' id='page_1' title='image "./opera00valpgoog_0336.png"; bbox 0 0 3200 5509; ppageno 0'>
   <div class='ocr_carea' id='block_1_1' title="bbox 138 542 1276 631">
    <p class='ocr_par' dir='ltr' id='par_1_1' title="bbox 138 542 1276 631">
     <span class='ocr_line' id='line_1_1' title="bbox 138 542 1276 631; baseline -0.006 -14"><span class='ocrx_word' id='word_1_1' title='bbox 138 550 278 617; x_wconf 61' lang='lat' dir='ltr'><strong>ecee.</strong></span> <span class='ocrx_word' id='word_1_2' title='bbox 423 542 647 609; x_wconf 68' lang='lat' dir='ltr'><strong>inueniunt</strong></span> <span class='ocrx_word' id='word_1_3' title='bbox 669 544 789 606; x_wconf 81' lang='lat' dir='ltr'><strong>mam</strong></span> <span class='ocrx_word' id='word_1_4' title='bbox 810 542 1008 617; x_wconf 75' lang='lat' dir='ltr'><strong>Quantus.</strong></span> <span class='ocrx_word' id='word_1_5' title='bbox 1215 560 1276 631; x_wconf 78' lang='lat' dir='ltr'><strong>tes</strong></span> 
     </span>
    </p>
   </div>
   <div class='ocr_carea' id='block_1_2' title="bbox 138 639 1279 914">
    <p class='ocr_par' dir='ltr' id='par_1_2' title="bbox 138 639 1279 914">
     <span class='ocr_line' id='line_1_2' title="bbox 138 639 1279 811; baseline 0.005 -32"><span class='ocrx_word' id='word_1_6' title='bbox 138 727 289 811; x_wconf 66' lang='lat' dir='ltr'><strong>germ</strong></span> <span class='ocrx_word' id='word_1_7' title='bbox 338 700 484 779; x_wconf 84' lang='lat' dir='ltr'><strong>Habitus</strong></span> <span class='ocrx_word' id='word_1_8' title='bbox 498 718 612 775; x_wconf 81' lang='lat' dir='ltr'><strong>tamen</strong></span> <span class='ocrx_word' id='word_1_9' title='bbox 627 700 796 797; x_wconf 76' lang='lat' dir='ltr'><strong>supremis</strong></span> <span class='ocrx_word' id='word_1_10' title='bbox 817 702 951 776; x_wconf 85' lang='lat' dir='ltr'><strong>honor:</strong></span> <span class='ocrx_word' id='word_1_11' title='bbox 976 727 1119 804; x_wconf 84' lang='lat' dir='ltr'><strong>ossaque</strong></span> <span class='ocrx_word' id='word_1_12' title='bbox 1137 639 1279 784; x_wconf 70' lang='lat' dir='ltr'><strong>temule</strong></span> 
     </span>
     <span class='ocr_line' id='line_1_3' title="bbox 138 816 930 914; baseline -0.014 -14"><span class='ocrx_word' id='word_1_13' title='bbox 138 822 366 899; x_wconf 76' lang='lat' dir='ltr'><strong>Octaviorum</strong></span> <span class='ocrx_word' id='word_1_14' title='bbox 381 816 495 907; x_wconf 86' lang='lat' dir='ltr'><strong>inlata,</strong></span> <span class='ocrx_word' id='word_1_15' title='bbox 511 840 573 914; x_wconf 85' lang='lat' dir='ltr'><strong>per</strong></span> <span class='ocrx_word' id='word_1_16' title='bbox 589 818 765 891; x_wconf 85' lang='lat' dir='ltr'><strong>decretum</strong></span> <span class='ocrx_word' id='word_1_17' title='bbox 782 818 930 889; x_wconf 82' lang='lat' dir='ltr'><strong>senatus.</strong></span> 
     </span>
    </p>
   </div>
   <div class='ocr_carea' id='block_1_3' title="bbox 131 1043 1282 2873">
    <p class='ocr_par' dir='ltr' id='par_1_3' title="bbox 131 1043 1282 2873">
     <span class='ocr_line' id='line_1_4' title="bbox 189 1043 1272 1136; baseline 0.003 -10"><span class='ocrx_word' id='word_1_18' title='bbox 189 1064 249 1126; x_wconf 75' lang='lat'><strong>45.</strong></span> <span class='ocrx_word' id='word_1_19' title='bbox 273 1054 407 1125; x_wconf 80' lang='lat' dir='ltr'><strong>lrsnnu</strong></span> <span class='ocrx_word' id='word_1_20' title='bbox 430 1044 638 1135; x_wconf 80' lang='lat' dir='ltr'><strong>consultlsue,</strong></span> <span class='ocrx_word' id='word_1_21' title='bbox 664 1043 794 1119; x_wconf 78' lang='lat' dir='ltr'><strong>facinus</strong></span> <span class='ocrx_word' id='word_1_22' title='bbox 820 1060 933 1136; x_wconf 84' lang='lat' dir='ltr'><strong>atrox,</strong></span> <span class='ocrx_word' id='word_1_23' title='bbox 958 1047 995 1120; x_wconf 89' lang='lat' dir='ltr'><strong>in</strong></span> <span class='ocrx_word' id='word_1_24' title='bbox 1019 1050 1176 1127; x_wconf 77' lang='lat' dir='ltr'><strong>citeriore</strong></span> <span class='ocrx_word' id='word_1_25' title='bbox 1192 1054 1272 1129; x_wconf 82' lang='lat' dir='ltr'><strong>His·</strong></span> 
     </span>
     <span class='ocr_line' id='line_1_5' title="bbox 140 1158 1276 1265; baseline 0 -27"><span class='ocrx_word' id='word_1_26' title='bbox 140 1166 271 1265; x_wconf 56' lang='lat' dir='ltr'><strong>pteris</strong></span> <span class='ocrx_word' id='word_1_27' title='bbox 281 1164 467 1238; x_wconf 52' lang='lat' dir='ltr'><strong>&amp;musam</strong></span> <span class='ocrx_word' id='word_1_28' title='bbox 480 1158 500 1233; x_wconf 75' lang='lat' dir='ltr'><strong>ai</strong></span> <span class='ocrx_word' id='word_1_29' title='bbox 512 1162 663 1258; x_wconf 71' lang='lat' dir='ltr'><strong>quedam</strong></span> <span class='ocrx_word' id='word_1_30' title='bbox 678 1176 822 1260; x_wconf 82' lang='lat' dir='ltr'><strong>agreste,</strong></span> <span class='ocrx_word' id='word_1_31' title='bbox 843 1162 986 1235; x_wconf 73' lang='lat' dir='ltr'><strong>mitons</strong></span> <span class='ocrx_word' id='word_1_32' title='bbox 1002 1166 1225 1243; x_wconf 76' lang='lat' dir='ltr'><strong>Tenuestlnae</strong></span> <span class='ocrx_word' id='word_1_33' title='bbox 1237 1194 1248 1244; x_wconf 71' lang='grc' dir='ltr'><strong>ι</strong></span> <span class='ocrx_word' id='word_1_34' title='bbox 1260 1176 1276 1206; x_wconf 78' lang='lat'>²</span> 
     </span>
     <span class='ocr_line' id='line_1_6' title="bbox 138 1276 1273 1379; baseline 0.003 -24"><span class='ocrx_word' id='word_1_35' title='bbox 138 1283 372 1379; x_wconf 74' lang='lat' dir='ltr'><strong>ispe-morem</strong></span> <span class='ocrx_word' id='word_1_36' title='bbox 392 1276 589 1374; x_wconf 62' lang='lat' dir='ltr'><strong>pieuincb,</strong></span> <span class='ocrx_word' id='word_1_37' title='bbox 613 1279 655 1349; x_wconf 88' lang='lat' dir='ltr'><strong>L.</strong></span> <span class='ocrx_word' id='word_1_38' title='bbox 671 1276 843 1365; x_wconf 79' lang='lat' dir='ltr'>Pisonem,</span> <span class='ocrx_word' id='word_1_39' title='bbox 869 1300 952 1373; x_wconf 84' lang='lat' dir='ltr'><strong>pace</strong></span> <span class='ocrx_word' id='word_1_40' title='bbox 978 1278 1200 1372; x_wconf 85' lang='lat' dir='ltr'><strong>incun’osum,</strong></span> <span class='ocrx_word' id='word_1_41' title='bbox 1226 1306 1273 1358; x_wconf 81' lang='lat' dir='ltr'><strong>ex</strong></span> 
     </span>
     <span class='ocr_line' id='line_1_7' title="bbox 137 1392 1271 1492; baseline 0.005 -26"><span class='ocrx_word' id='word_1_42' title='bbox 137 1395 325 1492; x_wconf 80' lang='lat' dir='ltr'><strong>improvise</strong></span> <span class='ocrx_word' id='word_1_43' title='bbox 338 1393 375 1465; x_wconf 90' lang='lat' dir='ltr'><strong>in</strong></span> <span class='ocrx_word' id='word_1_44' title='bbox 389 1392 509 1464; x_wconf 89' lang='lat' dir='ltr'><strong>itinere</strong></span> <span class='ocrx_word' id='word_1_45' title='bbox 519 1392 672 1480; x_wconf 76' lang='lat' dir='ltr'>adortus,</span> <span class='ocrx_word' id='word_1_46' title='bbox 683 1414 754 1463; x_wconf 90' lang='lat' dir='ltr'><strong>uno</strong></span> <span class='ocrx_word' id='word_1_47' title='bbox 764 1392 907 1463; x_wconf 79' lang='lat' dir='ltr'><strong>vulnere</strong></span> <span class='ocrx_word' id='word_1_48' title='bbox 918 1392 954 1463; x_wconf 90' lang='lat' dir='ltr'><strong>in</strong></span> <span class='ocrx_word' id='word_1_49' title='bbox 966 1410 1114 1466; x_wconf 86' lang='lat' dir='ltr'><strong>mertem</strong></span> <span class='ocrx_word' id='word_1_50' title='bbox 1125 1396 1271 1471; x_wconf 78' lang='lat' dir='ltr'>adfecit:</span> 
     </span>
     <span class='ocr_line' id='line_1_8' title="bbox 138 1502 1273 1606; baseline -0.007 -23"><span class='ocrx_word' id='word_1_51' title='bbox 138 1530 179 1583; x_wconf 87' lang='lat' dir='ltr'><strong>ac</strong></span> <span class='ocrx_word' id='word_1_52' title='bbox 196 1508 393 1606; x_wconf 70' lang='lat' dir='ltr'><strong>pernicitate</strong></span> <span class='ocrx_word' id='word_1_53' title='bbox 405 1508 485 1604; x_wconf 89' lang='lat' dir='ltr'><strong>equi</strong></span> <span class='ocrx_word' id='word_1_54' title='bbox 500 1504 681 1605; x_wconf 81' lang='lat' dir='ltr'><strong>profugus,</strong></span> <span class='ocrx_word' id='word_1_55' title='bbox 697 1502 880 1603; x_wconf 67' lang='lat' dir='ltr'><strong>postquim</strong></span> <span class='ocrx_word' id='word_1_56' title='bbox 895 1506 1061 1581; x_wconf 77' lang='lat' dir='ltr'><strong>saltumm</strong></span> <span class='ocrx_word' id='word_1_57' title='bbox 1085 1508 1180 1583; x_wconf 87' lang='lat' dir='ltr'><strong>loces</strong></span> <span class='ocrx_word' id='word_1_58' title='bbox 1199 1513 1273 1583; x_wconf 87' lang='lat' dir='ltr'><strong>atti.</strong></span> 
     </span>
     <span class='ocr_line' id='line_1_9' title="bbox 138 1616 1273 1724; baseline 0.003 -28"><span class='ocrx_word' id='word_1_59' title='bbox 138 1640 250 1723; x_wconf 77' lang='lat' dir='ltr'><strong>gesat,</strong></span> <span class='ocrx_word' id='word_1_60' title='bbox 275 1616 411 1703; x_wconf 68' lang='lat' dir='ltr'><strong>dlmioee</strong></span> <span class='ocrx_word' id='word_1_61' title='bbox 426 1646 531 1718; x_wconf 87' lang='lat' dir='ltr'><strong>eque,</strong></span> <span class='ocrx_word' id='word_1_62' title='bbox 546 1646 607 1717; x_wconf 83' lang='lat' dir='ltr'><strong>per</strong></span> <span class='ocrx_word' id='word_1_63' title='bbox 618 1620 754 1717; x_wconf 80' lang='lat' dir='ltr'><strong>dirupta</strong></span> <span class='ocrx_word' id='word_1_64' title='bbox 769 1636 803 1692; x_wconf 90' lang='lat' dir='ltr'><strong>et</strong></span> <span class='ocrx_word' id='word_1_65' title='bbox 818 1621 892 1691; x_wconf 86' lang='lat' dir='ltr'><strong>avia</strong></span> <span class='ocrx_word' id='word_1_66' title='bbox 903 1637 1081 1716; x_wconf 73' lang='lat' dir='ltr'>sequentes</span> <span class='ocrx_word' id='word_1_67' title='bbox 1092 1620 1273 1724; x_wconf 53' lang='lat' dir='ltr'><strong>&amp;astratus</strong></span> 
     </span>
     <span class='ocr_line' id='line_1_10' title="bbox 138 1731 1282 1839; baseline -0.008 -28"><span class='ocrx_word' id='word_1_68' title='bbox 138 1756 212 1811; x_wconf 85' lang='lat' dir='ltr'><strong>est:</strong></span> <span class='ocrx_word' id='word_1_69' title='bbox 239 1760 351 1835; x_wconf 87' lang='lat' dir='ltr'><strong>neque</strong></span> <span class='ocrx_word' id='word_1_70' title='bbox 372 1734 431 1809; x_wconf 86' lang='lat' dir='ltr'><strong>diu</strong></span> <span class='ocrx_word' id='word_1_71' title='bbox 447 1732 588 1809; x_wconf 81' lang='lat' dir='ltr'><strong>fefellit:</strong></span> <span class='ocrx_word' id='word_1_72' title='bbox 614 1758 694 1807; x_wconf 83' lang='lat' dir='ltr'><strong>nara</strong></span> <span class='ocrx_word' id='word_1_73' title='bbox 706 1735 877 1831; x_wconf 81' lang='lat' dir='ltr'><strong>preitenso</strong></span> <span class='ocrx_word' id='word_1_74' title='bbox 891 1736 1066 1833; x_wconf 89' lang='lat' dir='ltr'><strong>ductoque</strong></span> <span class='ocrx_word' id='word_1_75' title='bbox 1079 1762 1142 1839; x_wconf 85' lang='lat' dir='ltr'><strong>per</strong></span> <span class='ocrx_word' id='word_1_76' title='bbox 1156 1731 1282 1835; x_wconf 54' lang='lat' dir='ltr'><strong>proxi.</strong></span> 
     </span>
     <span class='ocr_line' id='line_1_11' title="bbox 138 1848 1271 1951; baseline 0.002 -26"><span class='ocrx_word' id='word_1_77' title='bbox 138 1872 217 1925; x_wconf 86' lang='lat' dir='ltr'><strong>mes</strong></span> <span class='ocrx_word' id='word_1_78' title='bbox 231 1870 338 1951; x_wconf 82' lang='lat' dir='ltr'><strong>pagos</strong></span> <span class='ocrx_word' id='word_1_79' title='bbox 361 1874 464 1949; x_wconf 87' lang='lat' dir='ltr'><strong>eque,</strong></span> <span class='ocrx_word' id='word_1_80' title='bbox 487 1854 583 1950; x_wconf 73' lang='lat' dir='ltr'><strong>cujus</strong></span> <span class='ocrx_word' id='word_1_81' title='bbox 602 1848 691 1923; x_wconf 78' lang='lat' dir='ltr'><strong>foret</strong></span> <span class='ocrx_word' id='word_1_82' title='bbox 707 1850 906 1948; x_wconf 84' lang='lat' dir='ltr'><strong>cognitum:</strong></span> <span class='ocrx_word' id='word_1_83' title='bbox 932 1864 967 1922; x_wconf 87' lang='lat' dir='ltr'><strong>et</strong></span> <span class='ocrx_word' id='word_1_84' title='bbox 989 1868 1157 1948; x_wconf 86' lang='lat' dir='ltr'><strong>repertus,</strong></span> <span class='ocrx_word' id='word_1_85' title='bbox 1185 1854 1271 1927; x_wconf 77' lang='lat' dir='ltr'><strong>cum</strong></span> 
     </span>
     <span class='ocr_line' id='line_1_12' title="bbox 136 1964 1273 2066; baseline 0.002 -26"><span class='ocrx_word' id='word_1_86' title='bbox 136 1967 317 2040; x_wconf 79' lang='lat' dir='ltr'><strong>tormentis</strong></span> <span class='ocrx_word' id='word_1_87' title='bbox 332 1967 435 2049; x_wconf 76' lang='lat' dir='ltr'><strong>edere</strong></span> <span class='ocrx_word' id='word_1_88' title='bbox 447 1965 601 2041; x_wconf 83' lang='lat' dir='ltr'><strong>conscios</strong></span> <span class='ocrx_word' id='word_1_89' title='bbox 615 1964 822 2062; x_wconf 77' lang='lat' dir='ltr'><strong>autgeremr,</strong></span> <span class='ocrx_word' id='word_1_90' title='bbox 847 1988 934 2036; x_wconf 85' lang='lat' dir='ltr'><strong>voce</strong></span> <span class='ocrx_word' id='word_1_91' title='bbox 952 1966 1095 2066; x_wconf 67' lang='lat' dir='ltr'><strong>magni,</strong></span> <span class='ocrx_word' id='word_1_92' title='bbox 1114 1990 1273 2043; x_wconf 75' lang='lat' dir='ltr'><strong>sermone</strong></span> 
     </span>
     <span class='ocr_line' id='line_1_13' title="bbox 138 2078 1272 2176; baseline 0.002 -23"><span class='ocrx_word' id='word_1_93' title='bbox 138 2082 261 2176; x_wconf 83' lang='lat' dir='ltr'><strong>patrio,</strong></span> <span class='ocrx_word' id='word_1_94' title='bbox 297 2088 323 2123; x_wconf 75' lang='lat'><strong>‘⁴</strong></span> <span class='ocrx_word' id='word_1_95' title='bbox 338 2078 463 2153; x_wconf 85' lang='lat' dir='ltr'><strong>frustra</strong></span> <span class='ocrx_word' id='word_1_96' title='bbox 488 2104 525 2152; x_wconf 89' lang='lat' dir='ltr'><strong>se</strong></span> <span class='ocrx_word' id='word_1_97' title='bbox 549 2078 775 2176; x_wconf 84' lang='lat' dir='ltr'><strong>interrogari&#39;&#39;</strong></span> <span class='ocrx_word' id='word_1_98' title='bbox 804 2078 1006 2151; x_wconf 77' lang='lat' dir='ltr'><strong>clamitavit:</strong></span> <span class='ocrx_word' id='word_1_99' title='bbox 1033 2080 1272 2161; x_wconf 76' lang='lat' dir='ltr'><strong>“adsisterent</strong></span> 
     </span>
     <span class='ocr_line' id='line_1_14' title="bbox 136 2193 1272 2289; baseline 0.002 -21"><span class='ocrx_word' id='word_1_100' title='bbox 136 2204 164 2239; x_wconf 88' lang='lat'><strong>“</strong></span> <span class='ocrx_word' id='word_1_101' title='bbox 180 2194 264 2269; x_wconf 88' lang='lat' dir='ltr'><strong>socii</strong></span> <span class='ocrx_word' id='word_1_102' title='bbox 285 2218 324 2266; x_wconf 90' lang='lat' dir='ltr'><strong>ac</strong></span> <span class='ocrx_word' id='word_1_103' title='bbox 349 2210 558 2289; x_wconf 87' lang='lat' dir='ltr'><strong>spectarent:</strong></span> <span class='ocrx_word' id='word_1_104' title='bbox 584 2194 714 2265; x_wconf 89' lang='lat' dir='ltr'><strong>nullam</strong></span> <span class='ocrx_word' id='word_1_105' title='bbox 730 2193 801 2264; x_wconf 88' lang='lat' dir='ltr'><strong>vim</strong></span> <span class='ocrx_word' id='word_1_106' title='bbox 825 2210 954 2265; x_wconf 87' lang='lat' dir='ltr'><strong>tantam</strong></span> <span class='ocrx_word' id='word_1_107' title='bbox 975 2193 1211 2283; x_wconf 73' lang='lat' dir='ltr'><strong>dolensium,</strong></span> <span class='ocrx_word' id='word_1_108' title='bbox 1233 2214 1272 2270; x_wconf 92' lang='lat' dir='ltr'><strong>ut</strong></span> 
     </span>
     <span class='ocr_line' id='line_1_15' title="bbox 138 2306 1272 2405; baseline 0.002 -24"><span class='ocrx_word' id='word_1_109' title='bbox 138 2308 359 2381; x_wconf 78' lang='lat' dir='ltr'><strong>“ueritatem</strong></span> <span class='ocrx_word' id='word_1_110' title='bbox 381 2307 553 2379; x_wconf 88' lang='lat' dir='ltr'><strong>eliceret.”</strong></span> <span class='ocrx_word' id='word_1_111' title='bbox 604 2306 770 2402; x_wconf 81' lang='lat' dir='ltr'><strong>idemque</strong></span> <span class='ocrx_word' id='word_1_112' title='bbox 795 2306 880 2378; x_wconf 78' lang='lat' dir='ltr'><strong>cum</strong></span> <span class='ocrx_word' id='word_1_113' title='bbox 899 2322 1038 2402; x_wconf 86' lang='lat' dir='ltr'><strong>postero</strong></span> <span class='ocrx_word' id='word_1_114' title='bbox 1060 2308 1104 2379; x_wconf 90' lang='lat' dir='ltr'><strong>ad</strong></span> <span class='ocrx_word' id='word_1_115' title='bbox 1127 2310 1272 2405; x_wconf 83' lang='lat' dir='ltr'><strong>quaesiti·</strong></span> 
     </span>
     <span class='ocr_line' id='line_1_16' title="bbox 135 2418 1274 2521; baseline 0 -25"><span class='ocrx_word' id='word_1_116' title='bbox 135 2442 245 2496; x_wconf 85' lang='lat' dir='ltr'><strong>onem</strong></span> <span class='ocrx_word' id='word_1_117' title='bbox 260 2422 500 2510; x_wconf 62' lang='lat' dir='ltr'><strong>merent,</strong></span> <span class='ocrx_word' id='word_1_118' title='bbox 516 2444 562 2494; x_wconf 84' lang='lat' dir='ltr'><strong>ee</strong></span> <span class='ocrx_word' id='word_1_119' title='bbox 573 2418 648 2495; x_wconf 88' lang='lat' dir='ltr'><strong>nisu</strong></span> <span class='ocrx_word' id='word_1_120' title='bbox 664 2419 831 2517; x_wconf 84' lang='lat' dir='ltr'><strong>preripuit</strong></span> <span class='ocrx_word' id='word_1_121' title='bbox 843 2444 880 2493; x_wconf 90' lang='lat' dir='ltr'><strong>se</strong></span> <span class='ocrx_word' id='word_1_122' title='bbox 892 2420 1103 2510; x_wconf 80' lang='lat' dir='ltr'><strong>custodibus,</strong></span> <span class='ocrx_word' id='word_1_123' title='bbox 1119 2446 1274 2521; x_wconf 85' lang='lat' dir='ltr'><strong>saxoque</strong></span> 
     </span>
     <span class='ocr_line' id='line_1_17' title="bbox 137 2532 1273 2633; baseline 0.003 -25"><span class='ocrx_word' id='word_1_124' title='bbox 137 2554 243 2633; x_wconf 81' lang='lat' dir='ltr'><strong>eaput</strong></span> <span class='ocrx_word' id='word_1_125' title='bbox 256 2532 399 2623; x_wconf 77' lang='lat' dir='ltr'><strong>adflixit,</strong></span> <span class='ocrx_word' id='word_1_126' title='bbox 421 2552 459 2607; x_wconf 91' lang='lat' dir='ltr'><strong>ut</strong></span> <span class='ocrx_word' id='word_1_127' title='bbox 475 2534 585 2609; x_wconf 75' lang='lat' dir='ltr'><strong>statim</strong></span> <span class='ocrx_word' id='word_1_128' title='bbox 602 2536 861 2608; x_wconf 83' lang='lat' dir='ltr'><strong>exanimaretur.</strong></span> <span class='ocrx_word' id='word_1_129' title='bbox 912 2536 980 2608; x_wconf 86' lang='lat' dir='ltr'><strong>Sed</strong></span> <span class='ocrx_word' id='word_1_130' title='bbox 996 2536 1075 2608; x_wconf 88' lang='lat' dir='ltr'><strong>Piso</strong></span> <span class='ocrx_word' id='word_1_131' title='bbox 1089 2538 1273 2611; x_wconf 82' lang='lat' dir='ltr'><strong>Tennesti·</strong></span> 
     </span>
     <span class='ocr_line' id='line_1_18' title="bbox 138 2647 1272 2747; baseline 0 -23"><span class='ocrx_word' id='word_1_132' title='bbox 138 2672 266 2724; x_wconf 84' lang='lat' dir='ltr'><strong>nerum</strong></span> <span class='ocrx_word' id='word_1_133' title='bbox 287 2647 368 2725; x_wconf 87' lang='lat' dir='ltr'><strong>dole</strong></span> <span class='ocrx_word' id='word_1_134' title='bbox 393 2672 501 2723; x_wconf 84' lang='lat' dir='ltr'><strong>caesus</strong></span> <span class='ocrx_word' id='word_1_135' title='bbox 520 2652 685 2723; x_wconf 85' lang='lat' dir='ltr'><strong>habetur:</strong></span> <span class='ocrx_word' id='word_1_136' title='bbox 712 2650 771 2747; x_wconf 91' lang='lat' dir='ltr'><strong>qui</strong></span> <span class='ocrx_word' id='word_1_137' title='bbox 793 2650 952 2746; x_wconf 89' lang='lat' dir='ltr'><strong>pecunias</strong></span> <span class='ocrx_word' id='word_1_138' title='bbox 976 2648 996 2720; x_wconf 77' lang='grc' dir='ltr'>ὲ</span> <span class='ocrx_word' id='word_1_139' title='bbox 1018 2649 1158 2744; x_wconf 90' lang='lat' dir='ltr'><strong>publico</strong></span> <span class='ocrx_word' id='word_1_140' title='bbox 1171 2650 1272 2724; x_wconf 88' lang='lat' dir='ltr'><strong>inter-</strong></span> 
     </span>
     <span class='ocr_line' id='line_1_19' title="bbox 131 2763 1123 2873; baseline -0.001 -37"><span class='ocrx_word' id='word_1_141' title='bbox 131 2770 277 2873; x_wconf 68' lang='lat' dir='ltr'><strong>⁸ceptae,3</strong></span> <span class='ocrx_word' id='word_1_142' title='bbox 294 2765 421 2853; x_wconf 75' lang='lat' dir='ltr'><strong>acrius,</strong></span> <span class='ocrx_word' id='word_1_143' title='bbox 434 2766 539 2863; x_wconf 75' lang='lat' dir='ltr'><strong>quim</strong></span> <span class='ocrx_word' id='word_1_144' title='bbox 556 2782 593 2838; x_wconf 90' lang='lat' dir='ltr'><strong>ut</strong></span> <span class='ocrx_word' id='word_1_145' title='bbox 605 2767 788 2841; x_wconf 81' lang='lat' dir='ltr'><strong>tolerarent</strong></span> <span class='ocrx_word' id='word_1_146' title='bbox 801 2763 948 2851; x_wconf 87' lang='lat' dir='ltr'><strong>barbari,</strong></span> <span class='ocrx_word' id='word_1_147' title='bbox 969 2766 1123 2861; x_wconf 83' lang='lat' dir='ltr'><strong>cogebat.</strong></span> 
     </span>
    </p>
   </div>
   <div class='ocr_carea' id='block_1_4' title="bbox 468 3110 951 3188">
    <p class='ocr_par' dir='ltr' id='par_1_4' title="bbox 468 3110 951 3188">
     <span class='ocr_line' id='line_1_20' title="bbox 468 3110 951 3188; baseline -0.008 -6"><span class='ocrx_word' id='word_1_148' title='bbox 468 3114 514 3187; x_wconf 84' lang='lat' dir='ltr'><strong>A.</strong></span> <span class='ocrx_word' id='word_1_149' title='bbox 533 3112 582 3183; x_wconf 87' lang='lat' dir='ltr'><strong>U.</strong></span> <span class='ocrx_word' id='word_1_150' title='bbox 601 3112 646 3184; x_wconf 86' lang='lat' dir='ltr'><strong>C.</strong></span> <span class='ocrx_word' id='word_1_151' title='bbox 663 3118 747 3188; x_wconf 81' lang='lat'><strong>779.</strong></span> <span class='ocrx_word' id='word_1_152' title='bbox 782 3110 813 3183; x_wconf 87' lang='lat' dir='ltr'><strong>J.</strong></span> <span class='ocrx_word' id='word_1_153' title='bbox 832 3111 874 3182; x_wconf 91' lang='lat' dir='ltr'><strong>C.</strong></span> <span class='ocrx_word' id='word_1_154' title='bbox 893 3116 951 3179; x_wconf 72' lang='grc'><strong>26.</strong></span> 
     </span>
    </p>
   </div>
   <div class='ocr_carea' id='block_1_5' title="bbox 138 3334 1281 3779">
    <p class='ocr_par' dir='ltr' id='par_1_5' title="bbox 138 3334 1281 3779">
     <span class='ocr_line' id='line_1_21' title="bbox 186 3334 1281 3429; baseline -0.005 -14"><span class='ocrx_word' id='word_1_155' title='bbox 186 3350 246 3415; x_wconf 75' lang='grc'><strong>46.</strong></span> <span class='ocrx_word' id='word_1_156' title='bbox 273 3342 465 3412; x_wconf 73' lang='lat' dir='ltr'><strong>Laterum</strong></span> <span class='ocrx_word' id='word_1_157' title='bbox 483 3342 669 3429; x_wconf 78' lang='lat' dir='ltr'><strong>Gaentlico,</strong></span> <span class='ocrx_word' id='word_1_158' title='bbox 682 3342 725 3414; x_wconf 91' lang='lat' dir='ltr'><strong>C.</strong></span> <span class='ocrx_word' id='word_1_159' title='bbox 740 3338 887 3413; x_wconf 85' lang='lat' dir='ltr'><strong>Calvisio</strong></span> <span class='ocrx_word' id='word_1_160' title='bbox 899 3336 1123 3423; x_wconf 73' lang='lat' dir='ltr'><strong>consulisus,⁴</strong></span> <span class='ocrx_word' id='word_1_161' title='bbox 1137 3334 1281 3409; x_wconf 64' lang='lat' dir='ltr'><strong>decreta*</strong></span> 
     </span>
     <span class='ocr_line' id='line_1_22' title="bbox 138 3450 1272 3553; baseline -0.004 -26"><span class='ocrx_word' id='word_1_162' title='bbox 138 3454 304 3551; x_wconf 85' lang='lat' dir='ltr'><strong>triumphi</strong></span> <span class='ocrx_word' id='word_1_163' title='bbox 324 3455 465 3553; x_wconf 82' lang='lat' dir='ltr'><strong>insignia</strong></span> <span class='ocrx_word' id='word_1_164' title='bbox 480 3456 637 3552; x_wconf 75' lang='lat' dir='ltr'><strong>Poppaeo</strong></span> <span class='ocrx_word' id='word_1_165' title='bbox 648 3456 787 3543; x_wconf 88' lang='lat' dir='ltr'><strong>Sabine,</strong></span> <span class='ocrx_word' id='word_1_166' title='bbox 810 3450 959 3527; x_wconf 85' lang='lat' dir='ltr'><strong>contusis</strong></span> <span class='ocrx_word' id='word_1_167' title='bbox 974 3450 1149 3522; x_wconf 81' lang='lat' dir='ltr'><strong>Thracum</strong></span> <span class='ocrx_word' id='word_1_168' title='bbox 1164 3450 1272 3548; x_wconf 82' lang='lat' dir='ltr'><strong>genti·</strong></span> 
     </span>
     <span class='ocr_line' id='line_1_23' title="bbox 139 3564 1271 3668; baseline -0.004 -27"><span class='ocrx_word' id='word_1_169' title='bbox 139 3570 216 3659; x_wconf 87' lang='lat' dir='ltr'><strong>bus,</strong></span> <span class='ocrx_word' id='word_1_170' title='bbox 228 3569 291 3667; x_wconf 81' lang='lat' dir='ltr'><strong>qui</strong></span> <span class='ocrx_word' id='word_1_171' title='bbox 302 3570 469 3641; x_wconf 90' lang='lat' dir='ltr'><strong>montium</strong></span> <span class='ocrx_word' id='word_1_172' title='bbox 482 3569 605 3658; x_wconf 51' lang='lat' dir='ltr'><strong>editis?</strong></span> <span class='ocrx_word' id='word_1_173' title='bbox 615 3568 746 3656; x_wconf 89' lang='lat' dir='ltr'><strong>inculti,</strong></span> <span class='ocrx_word' id='word_1_174' title='bbox 759 3584 861 3668; x_wconf 87' lang='lat' dir='ltr'><strong>atque</strong></span> <span class='ocrx_word' id='word_1_175' title='bbox 873 3566 916 3637; x_wconf 80' lang='grc' dir='ltr'><strong>εὸ</strong></span> <span class='ocrx_word' id='word_1_176' title='bbox 928 3564 1080 3638; x_wconf 79' lang='lat' dir='ltr'><strong>ferocius</strong></span> <span class='ocrx_word' id='word_1_177' title='bbox 1092 3564 1271 3662; x_wconf 83' lang='lat' dir='ltr'><strong>agitabant.</strong></span> 
     </span>
     <span class='ocr_line' id='line_1_24' title="bbox 141 3678 1270 3779; baseline -0.005 -22"><span class='ocrx_word' id='word_1_178' title='bbox 141 3686 251 3757; x_wconf 80' lang='lat' dir='ltr'><strong>Causa</strong></span> <span class='ocrx_word' id='word_1_179' title='bbox 274 3684 403 3771; x_wconf 81' lang='lat' dir='ltr'><strong>motas,</strong></span> <span class='ocrx_word' id='word_1_180' title='bbox 428 3706 530 3779; x_wconf 86' lang='lat' dir='ltr'><strong>super</strong></span> <span class='ocrx_word' id='word_1_181' title='bbox 552 3682 731 3755; x_wconf 90' lang='lat' dir='ltr'><strong>hominum</strong></span> <span class='ocrx_word' id='word_1_182' title='bbox 746 3680 935 3779; x_wconf 84' lang='lat' dir='ltr'><strong>ingenium,</strong></span> <span class='ocrx_word' id='word_1_183' title='bbox 956 3678 1053 3776; x_wconf 73' lang='lat' dir='ltr'><strong>quud</strong></span> <span class='ocrx_word' id='word_1_184' title='bbox 1076 3678 1144 3777; x_wconf 84' lang='lat' dir='ltr'><strong>pati</strong></span> <span class='ocrx_word' id='word_1_185' title='bbox 1160 3680 1270 3751; x_wconf 90' lang='lat' dir='ltr'><strong>delec-</strong></span> 
     </span>
    </p>
   </div>
   <div class='ocr_carea' id='block_1_6' title="bbox 144 3940 1306 4741">
    <p class='ocr_par' dir='ltr' id='par_1_6' title="bbox 144 3940 1306 4343">
     <span class='ocr_line' id='line_1_25' title="bbox 182 3940 1275 4023; baseline -0.008 -18"><span class='ocrx_word' id='word_1_186' title='bbox 182 3946 191 3973; x_wconf 90' lang='lat'>¹</span> <span class='ocrx_word' id='word_1_187' title='bbox 211 3947 247 4005; x_wconf 80' lang='lat' dir='ltr'><strong>Ie</strong></span> <span class='ocrx_word' id='word_1_188' title='bbox 263 3946 392 4005; x_wconf 81' lang='lat' dir='ltr'><strong>citeriore</strong></span> <span class='ocrx_word' id='word_1_189' title='bbox 403 3944 552 4023; x_wconf 64' lang='lat' dir='ltr'><strong>Hispania.</strong></span> <span class='ocrx_word' id='word_1_190' title='bbox 573 3946 680 4005; x_wconf 80' lang='lat' dir='ltr'><strong>Eidem</strong></span> <span class='ocrx_word' id='word_1_191' title='bbox 714 3945 860 4003; x_wconf 69' lang='lat' dir='ltr'><strong>messinis</strong></span> <span class='ocrx_word' id='word_1_192' title='bbox 879 3945 1047 4019; x_wconf 76' lang='lat' dir='ltr'><strong>interceptas</strong></span> <span class='ocrx_word' id='word_1_193' title='bbox 1068 3940 1100 3997; x_wconf 92' lang='lat' dir='ltr'><strong>L.</strong></span> <span class='ocrx_word' id='word_1_194' title='bbox 1114 3940 1179 3997; x_wconf 91' lang='lat' dir='ltr'><strong>Piso</strong></span> <span class='ocrx_word' id='word_1_195' title='bbox 1193 3958 1275 4017; x_wconf 81' lang='lat' dir='ltr'><strong>coge-</strong></span> 
     </span>
     <span class='ocr_line' id='line_1_26' title="bbox 144 4020 1274 4102; baseline -0.004 -19"><span class='ocrx_word' id='word_1_196' title='bbox 144 4046 177 4084; x_wconf 89' lang='lat' dir='ltr'><strong>ec</strong></span> <span class='ocrx_word' id='word_1_197' title='bbox 189 4022 405 4099; x_wconf 77' lang='lat' dir='ltr'><strong>Tarraconensi,</strong></span> <span class='ocrx_word' id='word_1_198' title='bbox 420 4044 483 4102; x_wconf 84' lang='lat' dir='ltr'><strong>quae</strong></span> <span class='ocrx_word' id='word_1_199' title='bbox 504 4028 527 4083; x_wconf 88' lang='lat' dir='ltr'><strong>si</strong></span> <span class='ocrx_word' id='word_1_200' title='bbox 542 4026 682 4085; x_wconf 85' lang='lat' dir='ltr'><strong>Lusitani·</strong></span> <span class='ocrx_word' id='word_1_201' title='bbox 736 4028 785 4085; x_wconf 83' lang='lat' dir='ltr'><strong>bet</strong></span> <span class='ocrx_word' id='word_1_202' title='bbox 814 4025 918 4094; x_wconf 78' lang='lat' dir='ltr'><strong>acrius,</strong></span> <span class='ocrx_word' id='word_1_203' title='bbox 951 4022 1039 4098; x_wconf 75' lang='lat' dir='ltr'><strong>quam</strong></span> <span class='ocrx_word' id='word_1_204' title='bbox 1064 4032 1098 4077; x_wconf 88' lang='lat' dir='ltr'><strong>ut</strong></span> <span class='ocrx_word' id='word_1_205' title='bbox 1123 4020 1274 4079; x_wconf 80' lang='lat' dir='ltr'><strong>tolerarent</strong></span> 
     </span>
     <span class='ocr_line' id='line_1_27' title="bbox 144 4104 858 4181; baseline -0.001 -20"><span class='ocrx_word' id='word_1_206' title='bbox 144 4124 189 4163; x_wconf 88' lang='lat' dir='ltr'><strong>am</strong></span> <span class='ocrx_word' id='word_1_207' title='bbox 220 4116 249 4164; x_wconf 89' lang='lat' dir='ltr'><strong>et</strong></span> <span class='ocrx_word' id='word_1_208' title='bbox 276 4106 412 4163; x_wconf 75' lang='lat' dir='ltr'><strong>Baeticam</strong></span> <span class='ocrx_word' id='word_1_209' title='bbox 436 4106 588 4181; x_wconf 71' lang='lat' dir='ltr'><strong>exceperis,</strong></span> <span class='ocrx_word' id='word_1_210' title='bbox 618 4108 682 4164; x_wconf 88' lang='lat' dir='ltr'><strong>reli·</strong></span> <span class='ocrx_word' id='word_1_211' title='bbox 715 4104 858 4177; x_wconf 27' lang='lat' dir='ltr'><strong>,barbam</strong></span> 
     </span>
     <span class='ocr_line' id='line_1_28' title="bbox 144 4178 1273 4263; baseline -0.012 -15"><span class='ocrx_word' id='word_1_212' title='bbox 144 4202 228 4260; x_wconf 80' lang='lat' dir='ltr'><strong>quam</strong></span> <span class='ocrx_word' id='word_1_213' title='bbox 265 4186 432 4262; x_wconf 84' lang='lat' dir='ltr'><strong>Hispaniam</strong></span> <span class='ocrx_word' id='word_1_214' title='bbox 466 4186 502 4243; x_wconf 87' lang='lat' dir='ltr'><strong>ed</strong></span> <span class='ocrx_word' id='word_1_215' title='bbox 532 4186 680 4263; x_wconf 65' lang='lat' dir='ltr'><strong>Pyrenaeos</strong></span> <span class='ocrx_word' id='word_1_216' title='bbox 773 4182 833 4243; x_wconf 79' lang='lat'><strong>⁴0.</strong></span> <span class='ocrx_word' id='word_1_217' title='bbox 845 4182 966 4241; x_wconf 77' lang='lat' dir='ltr'><strong>Caluisio</strong></span> <span class='ocrx_word' id='word_1_218' title='bbox 977 4200 1045 4239; x_wconf 82' lang='lat' dir='ltr'><strong>cerr.</strong></span> <span class='ocrx_word' id='word_1_219' title='bbox 1058 4180 1111 4237; x_wconf 90' lang='lat' dir='ltr'><strong>Cn.</strong></span> <span class='ocrx_word' id='word_1_220' title='bbox 1125 4178 1273 4239; x_wconf 81' lang='lat' dir='ltr'><strong>Cornelius</strong></span> 
     </span>
     <span class='ocr_line' id='line_1_29' title="bbox 145 4250 1306 4343; baseline -0.004 -21"><span class='ocrx_word' id='word_1_221' title='bbox 145 4276 249 4323; x_wconf 86' lang='lat' dir='ltr'><strong>mentes</strong></span> <span class='ocrx_word' id='word_1_222' title='bbox 261 4264 469 4343; x_wconf 78' lang='lat' dir='ltr'><strong>complectitur.</strong></span> <span class='ocrx_word' id='word_1_223' title='bbox 534 4280 538 4285; x_wconf 86' lang='lat'>·</span> <span class='ocrx_word' id='word_1_224' title='bbox 737 4262 874 4321; x_wconf 77' lang='lat' dir='ltr'><strong>lentulus</strong></span> <span class='ocrx_word' id='word_1_225' title='bbox 890 4260 1061 4329; x_wconf 81' lang='lat' dir='ltr'><strong>Gaetulicus,</strong></span> <span class='ocrx_word' id='word_1_226' title='bbox 1081 4260 1115 4317; x_wconf 89' lang='lat' dir='ltr'><strong>C.</strong></span> <span class='ocrx_word' id='word_1_227' title='bbox 1133 4258 1273 4319; x_wconf 83' lang='lat' dir='ltr'><strong>Calvisius</strong></span> <span class='ocrx_word' id='word_1_228' title='bbox 1299 4250 1306 4262; x_wconf 48' lang='lat'>⁸</span> 
     </span>
    </p>

    <p class='ocr_par' dir='ltr' id='par_1_7' title="bbox 146 4338 1278 4573">
     <span class='ocr_line' id='line_1_30' title="bbox 183 4338 1272 4404; baseline -0.007 -1"><span class='ocrx_word' id='word_1_229' title='bbox 183 4338 341 4403; x_wconf 65' lang='lat' dir='ltr'><strong>&#39;Nationes</strong></span> <span class='ocrx_word' id='word_1_230' title='bbox 354 4344 538 4403; x_wconf 63' lang='lat' dir='ltr'><strong>Termestinae.</strong></span> <span class='ocrx_word' id='word_1_231' title='bbox 547 4344 680 4404; x_wconf 85' lang='lat' dir='ltr'><strong>Nationis</strong></span> <span class='ocrx_word' id='word_1_232' title='bbox 736 4344 860 4401; x_wconf 84' lang='lat' dir='ltr'><strong>Sabinus</strong></span> <span class='ocrx_word' id='word_1_233' title='bbox 879 4340 1009 4399; x_wconf 76' lang='lat' dir='ltr'><strong>consules</strong></span> <span class='ocrx_word' id='word_1_234' title='bbox 1029 4340 1106 4397; x_wconf 86' lang='lat' dir='ltr'><strong>fuere</strong></span> <span class='ocrx_word' id='word_1_235' title='bbox 1127 4341 1164 4397; x_wconf 86' lang='grc' dir='ltr'><strong>Α.</strong></span> <span class='ocrx_word' id='word_1_236' title='bbox 1182 4338 1219 4397; x_wconf 90' lang='lat' dir='ltr'><strong>U.</strong></span> <span class='ocrx_word' id='word_1_237' title='bbox 1238 4340 1272 4396; x_wconf 88' lang='lat' dir='ltr'><strong>C.</strong></span> 
     </span>
     <span class='ocr_line' id='line_1_31' title="bbox 146 4416 1278 4501; baseline 0 -24"><span class='ocrx_word' id='word_1_238' title='bbox 146 4420 220 4481; x_wconf 84' lang='lat' dir='ltr'><strong>illius</strong></span> <span class='ocrx_word' id='word_1_239' title='bbox 232 4428 298 4489; x_wconf 77' lang='lat' dir='ltr'><strong>urbs</strong></span> <span class='ocrx_word' id='word_1_240' title='bbox 310 4424 439 4501; x_wconf 87' lang='lat' dir='ltr'><strong>princeps</strong></span> <span class='ocrx_word' id='word_1_241' title='bbox 455 4422 580 4495; x_wconf 81' lang='lat' dir='ltr'><strong>Termes,</strong></span> <span class='ocrx_word' id='word_1_242' title='bbox 603 4442 678 4481; x_wconf 89' lang='lat' dir='ltr'><strong>nunc</strong></span> <span class='ocrx_word' id='word_1_243' title='bbox 735 4428 803 4489; x_wconf 81' lang='grc'><strong>779.</strong></span> <span class='ocrx_word' id='word_1_244' title='bbox 819 4420 847 4479; x_wconf 85' lang='lat' dir='ltr'><strong>J.</strong></span> <span class='ocrx_word' id='word_1_245' title='bbox 861 4422 895 4478; x_wconf 91' lang='lat' dir='ltr'><strong>C.</strong></span> <span class='ocrx_word' id='word_1_246' title='bbox 908 4416 955 4479; x_wconf 83' lang='lat'><strong>26.</strong></span> <span class='ocrx_word' id='word_1_247' title='bbox 1274 4487 1278 4495; x_wconf 88' lang='lat'><strong>.</strong></span> 
     </span>
     <span class='ocr_line' id='line_1_32' title="bbox 147 4498 1275 4573; baseline -0.004 -15"><span class='ocrx_word' id='word_1_248' title='bbox 147 4500 254 4573; x_wconf 69' lang='lat' dir='ltr'><strong>Eritne,</strong></span> <span class='ocrx_word' id='word_1_249' title='bbox 268 4504 296 4561; x_wconf 83' lang='lat' dir='ltr'><strong>in</strong></span> <span class='ocrx_word' id='word_1_250' title='bbox 310 4500 365 4560; x_wconf 79' lang='lat' dir='ltr'><strong>Old</strong></span> <span class='ocrx_word' id='word_1_251' title='bbox 376 4503 490 4561; x_wconf 82' lang='lat' dir='ltr'><strong>Cestile.</strong></span> <span class='ocrx_word' id='word_1_252' title='bbox 775 4498 1041 4559; x_wconf 76' lang='lat' dir='ltr'><strong>⁵Mentiemerlitis.</strong></span> <span class='ocrx_word' id='word_1_253' title='bbox 1062 4498 1191 4557; x_wconf 83' lang='lat' dir='ltr'><strong>Mentem</strong></span> <span class='ocrx_word' id='word_1_254' title='bbox 1210 4498 1275 4555; x_wconf 80' lang='lat' dir='ltr'><strong>Hae·</strong></span> 
     </span>
    </p>

    <p class='ocr_par' dir='ltr' id='par_1_8' title="bbox 147 4576 1272 4741">
     <span class='ocr_line' id='line_1_33' title="bbox 185 4576 1272 4659; baseline -0.006 -20"><span class='ocrx_word' id='word_1_255' title='bbox 185 4577 195 4611; x_wconf 80' lang='lat'><em>³</em></span> <span class='ocrx_word' id='word_1_256' title='bbox 218 4583 369 4659; x_wconf 79' lang='lat' dir='ltr'><strong>Epublice</strong></span> <span class='ocrx_word' id='word_1_257' title='bbox 387 4582 564 4659; x_wconf 80' lang='lat' dir='ltr'><strong>interceptae.</strong></span> <span class='ocrx_word' id='word_1_258' title='bbox 590 4582 681 4640; x_wconf 89' lang='lat' dir='ltr'><strong>Pecu·</strong></span> <span class='ocrx_word' id='word_1_259' title='bbox 736 4600 818 4639; x_wconf 88' lang='lat' dir='ltr'><strong>mum</strong></span> <span class='ocrx_word' id='word_1_260' title='bbox 850 4580 1018 4639; x_wconf 84' lang='lat' dir='ltr'><strong>habitabant</strong></span> <span class='ocrx_word' id='word_1_261' title='bbox 1053 4598 1087 4636; x_wconf 87' lang='lat' dir='ltr'><strong>ac</strong></span> <span class='ocrx_word' id='word_1_262' title='bbox 1120 4576 1272 4638; x_wconf 77' lang='lat' dir='ltr'><strong>vallabant.</strong></span> 
     </span>
     <span class='ocr_line' id='line_1_34' title="bbox 147 4660 911 4741; baseline -0.009 -18"><span class='ocrx_word' id='word_1_263' title='bbox 147 4660 205 4723; x_wconf 78' lang='lat' dir='ltr'><strong>nias</strong></span> <span class='ocrx_word' id='word_1_264' title='bbox 217 4662 233 4721; x_wconf 74' lang='grc' dir='ltr'>ὸ</span> <span class='ocrx_word' id='word_1_265' title='bbox 246 4662 368 4738; x_wconf 86' lang='lat' dir='ltr'><strong>publicis</strong></span> <span class='ocrx_word' id='word_1_266' title='bbox 381 4663 566 4741; x_wconf 82' lang='lat' dir='ltr'><strong>vectigalibus</strong></span> <span class='ocrx_word' id='word_1_267' title='bbox 585 4660 682 4719; x_wconf 77' lang='lat' dir='ltr'><strong>itTer-</strong></span> <span class='ocrx_word' id='word_1_268' title='bbox 737 4660 812 4719; x_wconf 88' lang='lat' dir='ltr'><strong>Plin.</strong></span> <span class='ocrx_word' id='word_1_269' title='bbox 827 4676 870 4717; x_wconf 80' lang='lat' dir='ltr'><strong>tv.</strong></span> <span class='ocrx_word' id='word_1_270' title='bbox 887 4667 911 4716; x_wconf 91' lang='lat' dir='ltr'><strong>l.</strong></span> 
     </span>
    </p>
   </div>
   <div class='ocr_carea' id='block_1_7' title="bbox 0 0 1605 5509">
    <p class='ocr_par' dir='ltr' id='par_1_9' title="bbox 0 0 1605 5509">
     <span class='ocr_line' id='line_1_35' title="bbox 0 0 1605 5509; baseline 0 0"><span class='ocrx_word' id='word_1_271' title='bbox 0 0 1605 5509; x_wconf 95' lang='lat' dir='ltr'><strong> </strong></span> 
     </span>
    </p>
   </div>
  </div>
 </body>
</html>
