3200 5509
291 491 349 552 27⁸
666 479 701 538 C.
720 474 916 538 CORNELII
934 475 1072 538 ‘anem
1098 527 1100 531 ,
1196 479 1233 536 Α.
1246 477 1285 536 U.
1299 477 1409 546 CM.

290 638 504 711 lerabantur:
529 639 556 676 ‘⁴
570 655 674 730 seque
685 632 813 730 primos
827 632 993 728 templum
1004 629 1235 704 urbisllomae
1251 629 1411 720 subiisse,

292 749 319 798 “
335 754 388 823 M.
405 747 526 822 Porcio
541 747 702 837 consule3
715 751 726 780 ¹
745 746 876 844 magnis
890 745 1029 841 quidem
1041 747 1111 842 jam
1134 736 1285 816 Romani
1299 743 1411 840 prpuli

293 873 320 909 “
334 865 460 950 rebus;
484 860 639 931 nondum
659 860 773 931 tamen
789 859 834 930 ad
849 881 1023 930 summum
1043 857 1149 946 elatis,
1174 863 1283 930 starite
1303 857 1413 929 adhuc

246 1067 250 1074 Ι
292 986 319 1021 “
334 972 463 1050 Punici
477 975 575 1061 urbe,
590 973 755 1048 etvalidis
769 971 962 1070 perAsiam
981 973 1155 1069 regibus.”
1204 970 1317 1044 Simul
1334 971 1416 1042 “1.

293 1099 319 1136 ‘⁴
336 1089 466 1163 Sullam
482 1084 625 1160 testem”
636 1084 844 1176 adferebant,
861 1086 1098 1185 “'gravissimo
1109 1086 1145 1158 in
1156 1083 1419 1178 disuiminelex·

292 1211 319 1250 “
335 1203 461 1276 ercitils
477 1203 522 1273 ob
538 1201 747 1297 asperitatem
761 1200 894 1289 hiemis,
909 1217 944 1272 et
958 1198 1134 1295 penuriam
1148 1198 1261 1286 vestis,
1277 1197 1363 1269 crim
1383 1194 1420 1266 id

293 1325 320 1366 ‘⁴
336 1320 518 1414 Smyrnam
553 1315 590 1386 in
620 1307 819 1393 concionem
846 1314 1036 1387 nuntiatum
1066 1311 1168 1408 foret,
1199 1335 1333 1399 omncs,
1356 1309 1417 1405 qui

294 1439 321 1476 ‘⁸
335 1433 522 1516 adstabant,
538 1428 720 1500 detraxisse
735 1429 870 1524 corpori
885 1428 1045 1526 tegmina,
1068 1425 1259 1522 nosbisqne
1281 1421 1416 1520 legioni·

294 1547 401 1617 “bus
426 1541 589 1613 misisse?
637 1543 688 1613 Ita
717 1541 827 1638 rogati
850 1541 1048 1614 sententiam
1072 1555 1196 1634 patres,
1223 1542 1419 1634 Smyrnaeos

294 1657 521 1756 praetulere:²
544 1654 740 1751 censuitque
765 1653 884 1726 Vibius
908 1657 1057 1742 Marsus,
1091 1659 1116 1696 “
1132 1669 1171 1748 ut
1195 1654 1248 1724 M.
1276 1649 1419 1746 lepido,

295 1779 321 1816 “
338 1770 394 1842 cui
419 1794 459 1841 ea
478 1768 650 1864 provincia
671 1769 866 1856 obvenerat,
894 1791 996 1862 super
1016 1789 1199 1838 numerum
1224 1765 1419 1862 legaretur,⁸

296 1892 324 1928 “
340 1884 399 1982 qui
414 1883 531 1979 templi
541 1907 659 1954 curam
679 1881 862 1977 susciperet
872 1882 909 1952 :'’
936 1897 970 1952 et
983 1878 1065 1977 quia
1078 1878 1227 1973 Lepidus
1247 1879 1321 1972 ime
1343 1875 1421 1948 deli·

296 2022 379 2096 gere
393 2023 456 2094 per
476 1996 686 2069 modestiam
697 1996 877 2084 abnuebat,
902 1995 1057 2068 Valerius
1077 1995 1185 2081 Naso,
1205 1988 1423 2088 epretoriis,

298 2128 389 2184 sorte
404 2111 525 2184 missus
536 2128 596 2184 est.

263 2346 270 2354 '
346 2349 405 2419 57.
429 2343 555 2413 Iuran
572 2366 663 2438 quae,
684 2338 742 2412 diu
758 2339 932 2428 meditato,
956 2339 1154 2435 prolatoque
1174 2335 1303 2432 sapius
1318 2335 1425 2408 consi·

299 2453 358 2543 lio,
381 2455 518 2526 tandem
531 2456 647 2526 Caesar
660 2453 699 2525 iit
715 2451 963 2550 Carnpaniam,⁴
980 2452 1090 2548 specie
1106 2449 1282 2524 dedicandi
1298 2450 1424 2544 templa

300 2568 392 2662 apud
415 2570 589 2661 Capuam⁵
618 2567 705 2653 lori,
730 2568 821 2662 apud
848 2561 998 2638 Nolam⁶
1023 2569 1196 2664 Augusto,
1223 2565 1284 2637 sed
1313 2580 1426 2637 certus

301 2680 422 2776 procul
443 2681 543 2751 Urbe
558 2680 692 2777 degere.
743 2684 890 2754 Causam
906 2681 1093 2768 abscessus,
1108 2701 1317 2776 quamquam
1332 2701 1425 2751 sccu-

346 2970 356 2997 ¹
379 2970 424 3029 M.
446 2973 547 3030 Porcio
566 2977 681 3034 consule.
702 2979 739 3034 Α.
752 2979 789 3036 U.
805 2980 839 3038 C.
892 2979 948 3037 suit
960 2979 1072 3046 Vibius,
1082 2984 1114 3033 ut
1122 2983 1221 3053 prater
1233 2983 1343 3034 certum
1354 2973 1427 3050 lega-

308 3055 375 3119 ⁵59.
395 3071 453 3126 quo
473 3053 517 3109 M.
530 3053 647 3112 Porcius
667 3057 739 3113 Catu
758 3069 787 3114 ot
807 3057 839 3116 L.
893 3071 985 3116 torum
1003 3075 1161 3126 numerum,
1182 3056 1231 3130 qui
1253 3051 1427 3131 proconsuli·

307 3131 438 3188 Valerius
457 3131 577 3190 Flaccus
593 3134 772 3192 consulatum
785 3156 844 3212 ges·
894 3141 946 3195 bus
958 3136 1165 3210 migrabatur,
1185 3134 1257 3192 alius
1276 3149 1360 3208 super
1375 3151 1426 3188 nu·

307 3230 375 3268 sere.
396 3211 469 3268 Urbs
483 3211 547 3268 verb
562 3213 681 3282 Punica,
691 3215 842 3290 Carthago,
895 3233 1001 3274 merum
1023 3215 1067 3272 nl.
1080 3215 1187 3290 Lepido
1200 3213 1359 3282 adderetur,
1377 3210 1425 3286 qui

310 3289 329 3346 b
354 3290 484 3366 Scipione
506 3309 604 3350 eversa
628 3305 669 3350 ost
693 3295 730 3350 Α.
751 3294 789 3354 U.
807 3296 842 3353 C.
895 3295 990 3373 templi
1002 3312 1099 3352 curam
1113 3293 1276 3370 susciperet.

310 3363 378 3425 608·
934 3371 1009 3431 ⁴Iit
1030 3373 1212 3449 Campaniam.
1239 3369 1314 3430 Libri
1334 3386 1428 3426 omnes

349 3444 364 3472 ²
375 3447 526 3528 Smyrnam
532 3451 687 3526 protulere.
693 3451 843 3530 Templum
896 3450 961 3510 editi
972 3451 1063 3510 Cesar
1071 3450 1098 3509 in
1109 3449 1291 3527 Campaniam.
1302 3449 1425 3506 Verbum

310 3525 384 3585 illud
396 3528 519 3599 Tiberio,
530 3528 625 3598 Livia,
633 3548 667 3586 ac
679 3533 786 3589 senatui
801 3551 844 3590 sa·
896 3532 930 3588 iit
942 3530 1120 3588 librariorum
1131 3545 1221 3587 erroro
1230 3529 1374 3597 omissum,
1385 3525 1426 3583 rel

311 3623 392 3664 crum
404 3608 518 3666 exhibet
535 3627 623 3664 aerous
645 3609 738 3667 Musei
758 3611 843 3668 nostri
896 3610 970 3685 quod
989 3611 1080 3667 verius
1101 3609 1212 3667 videtur
1231 3627 1267 3665 cx
1283 3607 1318 3664 tir
1332 3618 1427 3664 natium

309 3703 457 3744 nummus:
494 3695 660 3743 ΣΕΒΑΣΤΗ
688 3697 844 3746 mun·
896 3688 935 3747 in.
976 3687 1127 3746 lllasenim
1142 3688 1348 3768 prepositiones
1358 3703 1429 3762 sape

312 3774 385 3822 ron
399 3773 610 3822 nmirunrnu
631 3773 843 3826 rarnurmor.
877 3781 879 3784 ·
895 3768 1009 3844 negligit
1021 3767 1149 3826 Tacitus.

180 3838 183 3843 ¹
308 3846 442 3923 'Augusta
463 3845 551 3914 Livia,
570 3852 680 3902 sendus
693 3847 846 3918 Romanus,
938 3845 1075 3924 ⁵Templa
1088 3848 1162 3924 apud
1174 3845 1303 3922 Capuam.
1322 3841 1429 3900 ltaedi·

312 3943 444 3981 nummus
455 3923 663 4000 Smyrnaeorum,
682 3927 734 3981 sub
747 3927 846 4011 inagis·
899 3925 938 3982 tio
964 3927 1098 4004 Princeps
1123 3940 1152 3983 et
1175 3925 1351 3982 recentiores.
1399 3923 1429 3978 ln

313 4014 389 4059 aratu
414 4003 586 4079 Hieronymi.
636 4003 739 4079 Capita
761 4005 847 4062 Liviae
899 4007 997 4064 ceteris
1017 4007 1152 4081 templum.
1191 4005 1320 4081 Capuam
1335 4001 1429 4058 nonin

314 4095 343 4138 ct
366 4081 478 4138 senariis
503 4082 630 4138 Romani.
685 4085 716 4140 ln
740 4081 848 4156 postici
899 4084 1008 4155 dextra,
1040 4087 1086 4142 sed
1113 4085 1141 4142 in
1164 4081 1275 4141 sinistri
1300 4079 1430 4137 Vulturni

313 4169 395 4235 parte
420 4167 586 4215 ΣΕΒΑΣΤΩ
613 4167 753 4218 'flamm
786 4171 846 4218 Em
899 4163 1030 4236 fluminis,
1045 4165 1186 4231 Volturno,
1198 4163 1266 4219 olim
1280 4159 1371 4228 luisse,
1384 4159 1430 4216 ubi

313 4247 528 4295 ΠΕΠΩΝΙΟΥ.
545 4239 848 4316 AngustoTibrriorub
900 4261 975 4300 nunc
997 4243 1028 4300 S.
1049 4243 1145 4301 Maria
1170 4241 1330 4318 Maggiare,
1353 4240 1432 4296 docet

316 4317 448 4374 Petronio
473 4319 650 4394 proconsule,
687 4319 848 4398 Templum.
901 4321 1039 4379 Camillus
1060 4321 1223 4398 Pcllcgrino,
1244 4319 1321 4377 Dcll‘
1333 4317 1432 4376 Arilica

316 4395 349 4453 ln
361 4397 454 4454 medio
463 4396 653 4454 stat'l'iberius
661 4412 771 4474 togatus
782 4418 849 4456 cum
900 4401 954 4457 sito
968 4401 997 4459 di
1009 4401 1112 4478 Capua,
1124 4422 1152 4478 p.
1166 4407 1213 4459 23.

315 4487 434 4585 sceptro.
681 4482 685 4490 '
941 4473 954 4506 ⁶
968 4480 1079 4538 Nolam.
1098 4479 1161 4543 llic
1175 4481 1203 4537 in
1215 4481 1284 4536 urbe
1295 4477 1432 4536 extinctos

373 4555 606 4633 Supernamcram
617 4557 767 4635 legaretur.
780 4558 850 4617 Con·
902 4561 1059 4638 Augustus,
1071 4577 1156 4638 supra
1167 4558 1260 4618 Annal
1275 4575 1297 4615 1.
1311 4563 1339 4615 5.
