3200 5509
284 530 355 599 assi
718 510 976 589 PRAEFATIO.

284 761 370 819 non
389 727 512 813 modd
530 749 719 834 expressa
738 746 864 805 arara
880 732 925 803 et
940 750 1092 834 anceps
1111 725 1262 813 Galbae
1280 758 1422 817 senec·

284 890 364 974 tus,
406 898 589 983 praeceps
620 865 794 951 Othonis
832 867 1019 966 ambitio,
1059 872 1192 980 segnis
1218 884 1271 956 et
1307 874 1421 965 foeda

285 1018 440 1103 Vitellii
459 1012 671 1125 ingluvies,
699 1008 771 1093 sed
794 1019 839 1091 et
870 1009 1071 1093 bellorum
1097 1013 1279 1098 civilium
1295 1030 1418 1117 artes,

282 1161 542 1269 fraudesque,
569 1166 613 1239 et
630 1152 794 1249 scelera,
822 1154 977 1263 majore
994 1162 1082 1239 arte
1112 1155 1330 1257 incertum,
1362 1187 1419 1245 an

276 1302 517 1415 prudentia,
544 1300 597 1383 ad
629 1299 757 1381 totius
788 1298 866 1381 aevi
884 1297 1195 1397 documentum,
1221 1301 1420 1412 detegun-

282 1462 360 1529 tur.
416 1442 592 1527 Utinam
610 1440 729 1525 nobis
748 1466 830 1521 non
848 1439 1062 1527 invidisset
1080 1453 1240 1551 tempus
1257 1454 1417 1553 partem

282 1590 465 1685 alteram,
494 1612 587 1694 quae
607 1581 821 1693 providam
841 1580 1087 1694 Vespasiani
1107 1596 1304 1684 mentem,
1325 1588 1414 1673 bre

282 1760 366 1833 ves,
384 1728 519 1839 coque
535 1727 724 1823 cariores,
742 1722 826 1809 Titi
840 1725 1011 1810 virtutes
1029 1727 1289 1838 explicabat!
1311 1728 1417 1813 Haec

282 1876 451 1987 quidem
484 1870 636 1957 Flaviae
665 1868 812 1957 domus
844 1866 995 1953 decora
1030 1870 1258 1981 excepisset
1295 1882 1414 1957 atrox

283 2015 515 2109 Domitiani
538 2010 738 2120 nequitia.
793 2008 866 2107 At,
893 2011 960 2093 vel
982 2010 1090 2093 inter
1120 2014 1271 2097 acerba
1300 2012 1418 2099 Prin·

281 2162 384 2274 cipis
402 2159 571 2269 flagitia,
598 2182 706 2265 qum,
733 2150 1015 2264 dgravissimo
1040 2156 1238 2266 scriptore
1263 2184 1419 2243 memn-

282 2318 385 2403 rata,
412 2302 583 2385 fuissent
603 2324 849 2405 magnarum
877 2297 1177 2407 cogitationum
1208 2298 1416 2398 foecunda,

275 2450 460 2559 juvisset
475 2442 627 2539 adhuc,
653 2439 763 2549 quod
782 2440 1017 2531 summatim
1036 2441 1157 2529 initio
1175 2442 1309 2552 operis
1326 2442 1417 2553 ipse

278 2590 447 2677 Tacitus
464 2583 672 2697 prodidit,¹
692 2582 833 2693 ampla
843 2582 1038 2669 virtutum
1050 2583 1255 2695 exempla,
1275 2612 1417 2695 supro·

277 2760 366 2820 mas
385 2730 585 2819 clarorum
604 2726 876 2825 necessitates,
895 2726 1114 2836 ipsamque
1128 2728 1411 2815 necessitatem

278 2876 435 2961 fortiter
466 2872 679 2955 toleratam
715 2896 973 2980 cognoscere.
1018 2868 1263 2979 Numquam
1300 2871 1411 2955 enim

278 3017 496 3101 illustriora
533 3027 635 3097 sunt·
665 3015 824 3099 virtutis
861 3014 1101 3111 certamina,
1147 3010 1276 3123 quarn
1314 3013 1412 3098 crim

281 3160 423 3251 durius
443 3160 667 3271 premitur;
700 3168 756 3255 et,
783 3168 833 3241 ut
862 3159 968 3242 inter
999 3167 1289 3267 ¹tempestatum
1323 3157 1416 3239 hor-

281 3305 369 3395 rida
386 3305 559 3389 acriores
591 3302 773 3391 emicant
804 3301 933 3411 ignes,
964 3302 1022 3383 sic
1058 3300 1164 3383 inter
1182 3310 1414 3409 temporum

280 3448 366 3539 fera
383 3446 555 3531 vividior
572 3446 793 3557 puriorque
811 3445 993 3557 exsurgit
1011 3443 1153 3529 virtus.
1203 3482 1206 3487 ·

338 3732 439 3821 Post
468 3732 578 3829 hauc,
606 3732 883 3821 Historiarum
916 3758 1071 3828 curam,
1095 3728 1265 3819 Tacitus
1292 3756 1414 3839 supe·

279 3876 427 3963 riorum
458 3875 617 3987 imperii
656 3876 893 3965 memoriam
927 3872 1171 3965 narrandam
1204 3873 1413 3981 suscepit;

279 4045 456 4128 eamque
482 4018 679 4101 aTiberii
707 4020 943 4129 principatu
971 4016 1027 4099 ad
1060 4014 1237 4098 Neronis
1254 4016 1411 4100 exitum

279 4164 323 4248 in
352 4162 583 4247 Annalibus
607 4161 831 4256 conclusit3
860 4160 1047 4271 pressior,
1077 4158 1222 4255 acrior,
1252 4171 1412 4241 senten·

660 4500 794 4593 {Tacit
809 4496 896 4567 Hist.
911 4520 936 4567 1.
956 4509 988 4569 3.
