<?xml version="1.0" encoding="UTF-8"?>
<!DOCTYPE html PUBLIC "-//W3C//DTD XHTML 1.0 Transitional//EN"
    "http://www.w3.org/TR/xhtml1/DTD/xhtml1-transitional.dtd">
<html xmlns="http://www.w3.org/1999/xhtml" xml:lang="en" lang="en">
 <head>
  <title>
</title>
<meta http-equiv="Content-Type" content="text/html;charset=utf-8" />
  <meta name='ocr-system' content='tesseract 3.04.00' />
  <meta name='ocr-capabilities' content='ocr_page ocr_carea ocr_par ocr_line ocrx_word'/>
</head>
<body>
  <div class='ocr_page' id='page_1' title='image "./opera00valpgoog_0035.png"; bbox 0 0 3200 5509; ppageno 0'>
   <div class='ocr_carea' id='block_1_1' title="bbox 268 510 966 593">
    <p class='ocr_par' dir='ltr' id='par_1_1' title="bbox 268 510 966 593">
     <span class='ocr_line' id='line_1_1' title="bbox 268 510 966 593; baseline -0.004 -2"><span class='ocrx_word' id='word_1_1' title='bbox 268 520 350 593; x_wconf 83' lang='lat' dir='ltr'><strong>xxxii</strong></span> <span class='ocrx_word' id='word_1_2' title='bbox 707 510 966 588; x_wconf 81' lang='lat' dir='ltr'><strong>PRIEFATIO.</strong></span> 
     </span>
    </p>
   </div>
   <div class='ocr_carea' id='block_1_2' title="bbox 268 720 1403 1983">
    <p class='ocr_par' dir='ltr' id='par_1_2' title="bbox 268 720 1403 1983">
     <span class='ocr_line' id='line_1_2' title="bbox 271 720 1401 829; baseline -0.002 -20"><span class='ocrx_word' id='word_1_3' title='bbox 271 738 338 809; x_wconf 88' lang='lat' dir='ltr'><strong>tur</strong></span> <span class='ocrx_word' id='word_1_4' title='bbox 377 723 528 819; x_wconf 85' lang='lat' dir='ltr'><strong>Graeci,</strong></span> <span class='ocrx_word' id='word_1_5' title='bbox 567 720 748 817; x_wconf 88' lang='lat' dir='ltr'><strong>virtutes,</strong></span> <span class='ocrx_word' id='word_1_6' title='bbox 791 745 990 829; x_wconf 84' lang='lat' dir='ltr'><strong>urgerem.</strong></span> <span class='ocrx_word' id='word_1_7' title='bbox 1058 720 1140 805; x_wconf 90' lang='lat' dir='ltr'><strong>Sed</strong></span> <span class='ocrx_word' id='word_1_8' title='bbox 1178 722 1401 822; x_wconf 85' lang='lat' dir='ltr'><strong>Ferretum,</strong></span> 
     </span>
     <span class='ocr_line' id='line_1_3' title="bbox 268 862 1402 978; baseline 0 -26"><span class='ocrx_word' id='word_1_9' title='bbox 268 870 452 978; x_wconf 85' lang='lat' dir='ltr'><strong>aliosque</strong></span> <span class='ocrx_word' id='word_1_10' title='bbox 489 866 531 949; x_wconf 93' lang='lat' dir='ltr'><strong>id</strong></span> <span class='ocrx_word' id='word_1_11' title='bbox 561 892 687 975; x_wconf 87' lang='lat' dir='ltr'><strong>genus</strong></span> <span class='ocrx_word' id='word_1_12' title='bbox 717 864 914 962; x_wconf 90' lang='lat' dir='ltr'><strong>homines,</strong></span> <span class='ocrx_word' id='word_1_13' title='bbox 960 862 1093 948; x_wconf 83' lang='lat' dir='ltr'>Taciti</span> <span class='ocrx_word' id='word_1_14' title='bbox 1134 866 1402 952; x_wconf 80' lang='lat' dir='ltr'><strong>Latinitatem</strong></span> 
     </span>
     <span class='ocr_line' id='line_1_4' title="bbox 269 1006 1400 1122; baseline -0.003 -27"><span class='ocrx_word' id='word_1_15' title='bbox 269 1012 435 1122; x_wconf 85' lang='lat' dir='ltr'><strong>culpare</strong></span> <span class='ocrx_word' id='word_1_16' title='bbox 467 1008 558 1118; x_wconf 89' lang='lat' dir='ltr'><strong>quis</strong></span> <span class='ocrx_word' id='word_1_17' title='bbox 586 1008 714 1089; x_wconf 87' lang='lat' dir='ltr'><strong>ferat?</strong></span> <span class='ocrx_word' id='word_1_18' title='bbox 770 1006 855 1090; x_wconf 90' lang='lat' dir='ltr'><strong>Eos</strong></span> <span class='ocrx_word' id='word_1_19' title='bbox 884 1020 1022 1091; x_wconf 88' lang='lat' dir='ltr'><strong>tamen</strong></span> <span class='ocrx_word' id='word_1_20' title='bbox 1055 1012 1230 1095; x_wconf 82' lang='lat' dir='ltr'><strong>refirtare</strong></span> <span class='ocrx_word' id='word_1_21' title='bbox 1259 1012 1400 1122; x_wconf 89' lang='lat' dir='ltr'><strong>pudet.</strong></span> 
     </span>
     <span class='ocr_line' id='line_1_5' title="bbox 270 1150 1403 1263; baseline 0.002 -25"><span class='ocrx_word' id='word_1_22' title='bbox 270 1154 406 1263; x_wconf 91' lang='lat' dir='ltr'><strong>quue</strong></span> <span class='ocrx_word' id='word_1_23' title='bbox 421 1179 581 1262; x_wconf 89' lang='lat' dir='ltr'><strong>prorsus</strong></span> <span class='ocrx_word' id='word_1_24' title='bbox 594 1151 748 1248; x_wconf 91' lang='lat' dir='ltr'><strong>inutile,</strong></span> <span class='ocrx_word' id='word_1_25' title='bbox 762 1150 859 1232; x_wconf 79' lang='lat' dir='ltr'><strong>crlm</strong></span> <span class='ocrx_word' id='word_1_26' title='bbox 872 1150 1090 1251; x_wconf 88' lang='lat' dir='ltr'><strong>Muretus,¹</strong></span> <span class='ocrx_word' id='word_1_27' title='bbox 1110 1154 1348 1240; x_wconf 80' lang='lat' dir='ltr'><strong>Latinitatis</strong></span> <span class='ocrx_word' id='word_1_28' title='bbox 1360 1168 1403 1240; x_wconf 89' lang='lat' dir='ltr'><strong>et</strong></span> 
     </span>
     <span class='ocr_line' id='line_1_6' title="bbox 270 1297 1402 1411; baseline 0 -28"><span class='ocrx_word' id='word_1_29' title='bbox 270 1299 514 1383; x_wconf 89' lang='lat' dir='ltr'><strong>Latinarum</strong></span> <span class='ocrx_word' id='word_1_30' title='bbox 525 1297 816 1407; x_wconf 81' lang='lat' dir='ltr'><strong>elegantiarum</strong></span> <span class='ocrx_word' id='word_1_31' title='bbox 833 1297 1100 1407; x_wconf 88' lang='lat' dir='ltr'><strong>peritissimus</strong></span> <span class='ocrx_word' id='word_1_32' title='bbox 1111 1299 1253 1409; x_wconf 83' lang='lat' dir='ltr'><strong>judex,</strong></span> <span class='ocrx_word' id='word_1_33' title='bbox 1266 1311 1402 1411; x_wconf 79' lang='lat' dir='ltr'><strong>partes</strong></span> 
     </span>
     <span class='ocr_line' id='line_1_7' title="bbox 268 1438 1401 1551; baseline 0.003 -24"><span class='ocrx_word' id='word_1_34' title='bbox 268 1444 357 1527; x_wconf 88' lang='lat' dir='ltr'><strong>illas</strong></span> <span class='ocrx_word' id='word_1_35' title='bbox 393 1443 545 1551; x_wconf 71' lang='lat' dir='ltr'><strong>magna</strong></span> <span class='ocrx_word' id='word_1_36' title='bbox 582 1468 678 1523; x_wconf 92' lang='lat' dir='ltr'><strong>cum</strong></span> <span class='ocrx_word' id='word_1_37' title='bbox 713 1438 837 1521; x_wconf 88' lang='lat' dir='ltr'><strong>laude</strong></span> <span class='ocrx_word' id='word_1_38' title='bbox 874 1446 1235 1551; x_wconf 74' lang='lat' dir='ltr'><strong>praeoccupaverit.</strong></span> <span class='ocrx_word' id='word_1_39' title='bbox 1307 1444 1401 1530; x_wconf 90' lang='lat' dir='ltr'><strong>Hoc</strong></span> 
     </span>
     <span class='ocr_line' id='line_1_8' title="bbox 269 1582 1401 1694; baseline 0.003 -25"><span class='ocrx_word' id='word_1_40' title='bbox 269 1613 399 1669; x_wconf 89' lang='lat' dir='ltr'><strong>unum</strong></span> <span class='ocrx_word' id='word_1_41' title='bbox 418 1584 630 1681; x_wconf 87' lang='lat' dir='ltr'><strong>addidero,</strong></span> <span class='ocrx_word' id='word_1_42' title='bbox 647 1584 755 1666; x_wconf 89' lang='lat' dir='ltr'><strong>inter</strong></span> <span class='ocrx_word' id='word_1_43' title='bbox 780 1582 989 1667; x_wconf 89' lang='lat' dir='ltr'><strong>Romanos</strong></span> <span class='ocrx_word' id='word_1_44' title='bbox 1008 1586 1223 1694; x_wconf 80' lang='lat' dir='ltr'><strong>scriptores</strong></span> <span class='ocrx_word' id='word_1_45' title='bbox 1241 1588 1401 1672; x_wconf 90' lang='lat' dir='ltr'><strong>nullum</strong></span> 
     </span>
     <span class='ocr_line' id='line_1_9' title="bbox 269 1726 1402 1837; baseline 0.001 -23"><span class='ocrx_word' id='word_1_46' title='bbox 269 1756 357 1814; x_wconf 85' lang='lat' dir='ltr'><strong>esse</strong></span> <span class='ocrx_word' id='word_1_47' title='bbox 381 1728 596 1811; x_wconf 86' lang='lat' dir='ltr'><strong>verborum</strong></span> <span class='ocrx_word' id='word_1_48' title='bbox 634 1727 912 1810; x_wconf 85' lang='lat' dir='ltr'><strong>concinnitate</strong></span> <span class='ocrx_word' id='word_1_49' title='bbox 942 1738 986 1809; x_wconf 90' lang='lat' dir='ltr'><strong>et</strong></span> <span class='ocrx_word' id='word_1_50' title='bbox 1012 1726 1228 1837; x_wconf 86' lang='lat' dir='ltr'><strong>splendore</strong></span> <span class='ocrx_word' id='word_1_51' title='bbox 1257 1730 1402 1816; x_wconf 83' lang='lat' dir='ltr'><strong>Tacito</strong></span> 
     </span>
     <span class='ocr_line' id='line_1_10' title="bbox 270 1870 608 1983; baseline -0.012 -26"><span class='ocrx_word' id='word_1_52' title='bbox 270 1870 608 1983; x_wconf 88' lang='lat' dir='ltr'><strong>comparandum.</strong></span> 
     </span>
    </p>
   </div>
   <div class='ocr_carea' id='block_1_3' title="bbox 203 2152 1406 2835">
    <p class='ocr_par' dir='ltr' id='par_1_3' title="bbox 203 2152 1406 2835">
     <span class='ocr_line' id='line_1_11' title="bbox 260 2152 1403 2267; baseline 0.009 -34"><span class='ocrx_word' id='word_1_53' title='bbox 260 2222 265 2233; x_wconf 91' lang='lat'>.</span> <span class='ocrx_word' id='word_1_54' title='bbox 325 2156 528 2240; x_wconf 87' lang='lat' dir='ltr'><strong>Graviora</strong></span> <span class='ocrx_word' id='word_1_55' title='bbox 557 2164 654 2234; x_wconf 86' lang='lat' dir='ltr'><strong>sunt</strong></span> <span class='ocrx_word' id='word_1_56' title='bbox 687 2152 891 2235; x_wconf 89' lang='lat' dir='ltr'><strong>mendacii</strong></span> <span class='ocrx_word' id='word_1_57' title='bbox 924 2153 1118 2237; x_wconf 88' lang='lat' dir='ltr'><strong>crimina:</strong></span> <span class='ocrx_word' id='word_1_58' title='bbox 1148 2184 1286 2267; x_wconf 90' lang='lat' dir='ltr'><strong>neque</strong></span> <span class='ocrx_word' id='word_1_59' title='bbox 1313 2160 1403 2243; x_wconf 85' lang='lat' dir='ltr'><strong>dix·</strong></span> 
     </span>
     <span class='ocr_line' id='line_1_12' title="bbox 203 2294 1404 2389; baseline 0.002 -4"><span class='ocrx_word' id='word_1_60' title='bbox 203 2296 205 2299; x_wconf 61' lang='grc'><strong>’</strong></span> <span class='ocrx_word' id='word_1_61' title='bbox 268 2298 370 2385; x_wconf 86' lang='lat' dir='ltr'><strong>erim</strong></span> <span class='ocrx_word' id='word_1_62' title='bbox 398 2297 588 2383; x_wconf 84' lang='lat' dir='ltr'><strong>Tacitum</strong></span> <span class='ocrx_word' id='word_1_63' title='bbox 627 2294 727 2377; x_wconf 90' lang='lat' dir='ltr'><strong>nihil</strong></span> <span class='ocrx_word' id='word_1_64' title='bbox 764 2302 855 2377; x_wconf 77' lang='lat' dir='ltr'><strong>esse&#39;</strong></span> <span class='ocrx_word' id='word_1_65' title='bbox 886 2297 1117 2379; x_wconf 90' lang='lat' dir='ltr'><strong>mentitum.</strong></span> <span class='ocrx_word' id='word_1_66' title='bbox 1173 2298 1404 2389; x_wconf 81' lang='lat' dir='ltr'><strong>Commune</strong></span> 
     </span>
     <span class='ocr_line' id='line_1_13' title="bbox 268 2438 1404 2558; baseline 0.003 -32"><span class='ocrx_word' id='word_1_67' title='bbox 268 2442 371 2526; x_wconf 89' lang='lat' dir='ltr'><strong>illud</strong></span> <span class='ocrx_word' id='word_1_68' title='bbox 390 2455 452 2525; x_wconf 91' lang='lat' dir='ltr'><strong>est</strong></span> <span class='ocrx_word' id='word_1_69' title='bbox 470 2438 728 2524; x_wconf 81' lang='lat' dir='ltr'><strong>mortalitatis</strong></span> <span class='ocrx_word' id='word_1_70' title='bbox 747 2440 908 2535; x_wconf 87' lang='lat' dir='ltr'><strong>vitium,</strong></span> <span class='ocrx_word' id='word_1_71' title='bbox 938 2439 1053 2547; x_wconf 91' lang='lat' dir='ltr'><strong>quod</strong></span> <span class='ocrx_word' id='word_1_72' title='bbox 1081 2440 1259 2526; x_wconf 70' lang='lat' dir='ltr'><strong>historiae</strong></span> <span class='ocrx_word' id='word_1_73' title='bbox 1278 2448 1404 2558; x_wconf 88' lang='lat' dir='ltr'><strong>scrip·</strong></span> 
     </span>
     <span class='ocr_line' id='line_1_14' title="bbox 270 2580 1406 2699; baseline 0.003 -31"><span class='ocrx_word' id='word_1_74' title='bbox 270 2596 377 2669; x_wconf 87' lang='lat' dir='ltr'><strong>tures</strong></span> <span class='ocrx_word' id='word_1_75' title='bbox 395 2584 438 2667; x_wconf 92' lang='lat' dir='ltr'><strong>in</strong></span> <span class='ocrx_word' id='word_1_76' title='bbox 457 2585 717 2666; x_wconf 81' lang='lat' dir='ltr'><strong>tantarerum</strong></span> <span class='ocrx_word' id='word_1_77' title='bbox 736 2580 1010 2680; x_wconf 89' lang='lat' dir='ltr'><strong>multitudine,</strong></span> <span class='ocrx_word' id='word_1_78' title='bbox 1024 2580 1277 2696; x_wconf 87' lang='lat' dir='ltr'><strong>humanique</strong></span> <span class='ocrx_word' id='word_1_79' title='bbox 1294 2590 1406 2699; x_wconf 88' lang='lat' dir='ltr'><strong>inge·</strong></span> 
     </span>
     <span class='ocr_line' id='line_1_15' title="bbox 270 2725 1402 2835; baseline 0.004 -23"><span class='ocrx_word' id='word_1_80' title='bbox 270 2728 328 2812; x_wconf 94' lang='lat' dir='ltr'><strong>nii</strong></span> <span class='ocrx_word' id='word_1_81' title='bbox 357 2726 605 2824; x_wconf 84' lang='lat' dir='ltr'><strong>infirmitate,</strong></span> <span class='ocrx_word' id='word_1_82' title='bbox 635 2736 677 2809; x_wconf 90' lang='lat' dir='ltr'><strong>et</strong></span> <span class='ocrx_word' id='word_1_83' title='bbox 703 2726 759 2807; x_wconf 93' lang='lat' dir='ltr'><strong>ob</strong></span> <span class='ocrx_word' id='word_1_84' title='bbox 786 2725 1003 2835; x_wconf 86' lang='lat' dir='ltr'><strong>caliginem</strong></span> <span class='ocrx_word' id='word_1_85' title='bbox 1029 2728 1189 2810; x_wconf 88' lang='lat' dir='ltr'><strong>veritati</strong></span> <span class='ocrx_word' id='word_1_86' title='bbox 1216 2730 1402 2831; x_wconf 87' lang='lat' dir='ltr'><strong>offusam,</strong></span> 
     </span>
    </p>
   </div>
   <div class='ocr_carea' id='block_1_4' title="bbox 123 2854 1405 2980">
    <p class='ocr_par' dir='ltr' id='par_1_4' title="bbox 123 2854 1405 2980">
     <span class='ocr_line' id='line_1_16' title="bbox 123 2854 1405 2980; baseline 0.003 -26"><span class='ocrx_word' id='word_1_87' title='bbox 123 2854 131 2865; x_wconf 58' lang='grc'><strong>’</strong></span> <span class='ocrx_word' id='word_1_88' title='bbox 268 2870 339 2953; x_wconf 88' lang='lat' dir='ltr'><strong>vix</strong></span> <span class='ocrx_word' id='word_1_89' title='bbox 358 2870 568 2980; x_wconf 85' lang='lat' dir='ltr'><strong>effugiant.</strong></span> <span class='ocrx_word' id='word_1_90' title='bbox 625 2867 848 2951; x_wconf 90' lang='lat' dir='ltr'><strong>Proclivior</strong></span> <span class='ocrx_word' id='word_1_91' title='bbox 874 2867 1150 2967; x_wconf 76' lang='lat' dir='ltr'><strong>adhaesum,</strong></span> <span class='ocrx_word' id='word_1_92' title='bbox 1181 2872 1252 2954; x_wconf 91' lang='lat' dir='ltr'><strong>ubi</strong></span> <span class='ocrx_word' id='word_1_93' title='bbox 1282 2876 1405 2958; x_wconf 89' lang='lat' dir='ltr'><strong>inter·</strong></span> 
     </span>
    </p>
   </div>
   <div class='ocr_carea' id='block_1_5' title="bbox 262 3010 1406 4134">
    <p class='ocr_par' dir='ltr' id='par_1_5' title="bbox 262 3010 1406 4134">
     <span class='ocr_line' id='line_1_17' title="bbox 269 3010 1404 3123; baseline 0.003 -25"><span class='ocrx_word' id='word_1_94' title='bbox 269 3012 381 3098; x_wconf 84' lang='lat' dir='ltr'><strong>cedit</strong></span> <span class='ocrx_word' id='word_1_95' title='bbox 417 3012 658 3123; x_wconf 86' lang='lat' dir='ltr'><strong>religionum</strong></span> <span class='ocrx_word' id='word_1_96' title='bbox 693 3011 917 3093; x_wconf 88' lang='lat' dir='ltr'><strong>diversitas.</strong></span> <span class='ocrx_word' id='word_1_97' title='bbox 974 3010 1079 3095; x_wconf 90' lang='lat' dir='ltr'><strong>Inde</strong></span> <span class='ocrx_word' id='word_1_98' title='bbox 1107 3010 1272 3097; x_wconf 86' lang='lat' dir='ltr'><strong>Tacitus</strong></span> <span class='ocrx_word' id='word_1_99' title='bbox 1300 3018 1404 3101; x_wconf 82' lang='lat' dir='ltr'><strong>falsa</strong></span> 
     </span>
     <span class='ocr_line' id='line_1_18' title="bbox 269 3152 1403 3271; baseline 0.004 -32"><span class='ocrx_word' id='word_1_100' title='bbox 269 3156 324 3239; x_wconf 91' lang='lat' dir='ltr'><strong>de</strong></span> <span class='ocrx_word' id='word_1_101' title='bbox 349 3152 601 3254; x_wconf 86' lang='lat' dir='ltr'><strong>Christianis,</strong></span> <span class='ocrx_word' id='word_1_102' title='bbox 619 3152 797 3237; x_wconf 88' lang='lat' dir='ltr'><strong>absurda</strong></span> <span class='ocrx_word' id='word_1_103' title='bbox 824 3155 878 3237; x_wconf 92' lang='lat' dir='ltr'><strong>de</strong></span> <span class='ocrx_word' id='word_1_104' title='bbox 896 3153 924 3240; x_wconf 93' lang='lat' dir='ltr'>J</span> <span class='ocrx_word' id='word_1_105' title='bbox 927 3156 1055 3237; x_wconf 82' lang='lat' dir='ltr'><strong>udaeis</strong></span> <span class='ocrx_word' id='word_1_106' title='bbox 1074 3158 1269 3267; x_wconf 89' lang='lat' dir='ltr'><strong>prodidit,</strong></span> <span class='ocrx_word' id='word_1_107' title='bbox 1298 3189 1403 3271; x_wconf 78' lang='lat' dir='ltr'><strong>prm·</strong></span> 
     </span>
     <span class='ocr_line' id='line_1_19' title="bbox 262 3297 1402 3413; baseline 0.004 -30"><span class='ocrx_word' id='word_1_108' title='bbox 262 3299 458 3411; x_wconf 87' lang='lat' dir='ltr'><strong>judicatis</strong></span> <span class='ocrx_word' id='word_1_109' title='bbox 503 3309 592 3381; x_wconf 89' lang='lat' dir='ltr'><strong>tum</strong></span> <span class='ocrx_word' id='word_1_110' title='bbox 638 3297 735 3397; x_wconf 90' lang='lat' dir='ltr'><strong>suis,</strong></span> <span class='ocrx_word' id='word_1_111' title='bbox 792 3310 883 3381; x_wconf 91' lang='lat' dir='ltr'><strong>tum</strong></span> <span class='ocrx_word' id='word_1_112' title='bbox 920 3300 1094 3383; x_wconf 89' lang='lat' dir='ltr'><strong>aliorum</strong></span> <span class='ocrx_word' id='word_1_113' title='bbox 1139 3303 1402 3413; x_wconf 89' lang='lat' dir='ltr'><strong>opinionibus</strong></span> 
     </span>
     <span class='ocr_line' id='line_1_20' title="bbox 269 3435 1402 3556; baseline 0.005 -31"><span class='ocrx_word' id='word_1_114' title='bbox 269 3444 511 3525; x_wconf 87' lang='lat' dir='ltr'><strong>abstractus.</strong></span> <span class='ocrx_word' id='word_1_115' title='bbox 568 3439 637 3524; x_wconf 83' lang='lat' dir='ltr'><strong>Ita</strong></span> <span class='ocrx_word' id='word_1_116' title='bbox 665 3452 801 3525; x_wconf 85' lang='lat' dir='ltr'><strong>tamen</strong></span> <span class='ocrx_word' id='word_1_117' title='bbox 830 3442 925 3523; x_wconf 86' lang='lat' dir='ltr'><strong>fidei</strong></span> <span class='ocrx_word' id='word_1_118' title='bbox 942 3452 986 3525; x_wconf 89' lang='lat' dir='ltr'><strong>et</strong></span> <span class='ocrx_word' id='word_1_119' title='bbox 1012 3435 1250 3553; x_wconf 76' lang='lat' dir='ltr'><strong>diligentiae,</strong></span> <span class='ocrx_word' id='word_1_120' title='bbox 1277 3474 1402 3556; x_wconf 86' lang='lat' dir='ltr'><strong>quam</strong></span> 
     </span>
     <span class='ocr_line' id='line_1_21' title="bbox 269 3584 1403 3695; baseline 0.005 -27"><span class='ocrx_word' id='word_1_121' title='bbox 269 3586 314 3669; x_wconf 93' lang='lat' dir='ltr'><strong>in</strong></span> <span class='ocrx_word' id='word_1_122' title='bbox 345 3585 489 3668; x_wconf 85' lang='lat' dir='ltr'><strong>ceteris</strong></span> <span class='ocrx_word' id='word_1_123' title='bbox 519 3584 746 3695; x_wconf 89' lang='lat' dir='ltr'><strong>profitetur,</strong></span> <span class='ocrx_word' id='word_1_124' title='bbox 778 3588 971 3694; x_wconf 88' lang='lat' dir='ltr'><strong>retinens,</strong></span> <span class='ocrx_word' id='word_1_125' title='bbox 1003 3599 1064 3686; x_wconf 84' lang='lat' dir='ltr'><strong>ut,</strong></span> <span class='ocrx_word' id='word_1_126' title='bbox 1096 3591 1160 3672; x_wconf 89' lang='lat' dir='ltr'><strong>vel</strong></span> <span class='ocrx_word' id='word_1_127' title='bbox 1190 3591 1287 3673; x_wconf 84' lang='lat' dir='ltr'><strong>edm</strong></span> <span class='ocrx_word' id='word_1_128' title='bbox 1312 3590 1403 3674; x_wconf 84' lang='lat' dir='ltr'><strong>haec</strong></span> 
     </span>
     <span class='ocr_line' id='line_1_22' title="bbox 266 3726 1405 3844; baseline 0.009 -36"><span class='ocrx_word' id='word_1_129' title='bbox 266 3737 472 3841; x_wconf 87' lang='lat' dir='ltr'><strong>peccaret,</strong></span> <span class='ocrx_word' id='word_1_130' title='bbox 492 3726 742 3815; x_wconf 90' lang='lat' dir='ltr'><strong>Christianos</strong></span> <span class='ocrx_word' id='word_1_131' title='bbox 768 3732 946 3816; x_wconf 90' lang='lat' dir='ltr'><strong>incendii</strong></span> <span class='ocrx_word' id='word_1_132' title='bbox 972 3733 1154 3832; x_wconf 89' lang='lat' dir='ltr'><strong>crimine,</strong></span> <span class='ocrx_word' id='word_1_133' title='bbox 1184 3761 1268 3844; x_wconf 92' lang='lat' dir='ltr'><strong>quo</strong></span> <span class='ocrx_word' id='word_1_134' title='bbox 1289 3733 1405 3817; x_wconf 93' lang='lat' dir='ltr'><strong>Nero</strong></span> 
     </span>
     <span class='ocr_line' id='line_1_23' title="bbox 269 3872 1406 3981; baseline 0.004 -25"><span class='ocrx_word' id='word_1_135' title='bbox 269 3897 339 3956; x_wconf 86' lang='lat' dir='ltr'><strong>eos</strong></span> <span class='ocrx_word' id='word_1_136' title='bbox 358 3872 599 3981; x_wconf 80' lang='lat' dir='ltr'><strong>pernulerat,</strong></span> <span class='ocrx_word' id='word_1_137' title='bbox 626 3875 872 3961; x_wconf 77' lang='lat' dir='ltr'><strong>obsoluerit.²</strong></span> <span class='ocrx_word' id='word_1_138' title='bbox 927 3876 957 3965; x_wconf 91' lang='lat' dir='ltr'>J</span> <span class='ocrx_word' id='word_1_139' title='bbox 960 3878 1115 3981; x_wconf 81' lang='lat' dir='ltr'><strong>udaieis</strong></span> <span class='ocrx_word' id='word_1_140' title='bbox 1139 3892 1281 3963; x_wconf 89' lang='lat' dir='ltr'><strong>autem</strong></span> <span class='ocrx_word' id='word_1_141' title='bbox 1299 3880 1406 3961; x_wconf 87' lang='lat' dir='ltr'><strong>auti·</strong></span> 
     </span>
     <span class='ocr_line' id='line_1_24' title="bbox 270 4014 1404 4134; baseline 0.01 -37"><span class='ocrx_word' id='word_1_142' title='bbox 270 4014 499 4124; x_wconf 85' lang='lat' dir='ltr'><strong>quitatibus</strong></span> <span class='ocrx_word' id='word_1_143' title='bbox 531 4043 630 4102; x_wconf 87' lang='lat' dir='ltr'><strong>vcra</strong></span> <span class='ocrx_word' id='word_1_144' title='bbox 659 4022 965 4134; x_wconf 80' lang='lat' dir='ltr'><strong>quamplurima</strong></span> <span class='ocrx_word' id='word_1_145' title='bbox 993 4022 1265 4120; x_wconf 81' lang='lat' dir='ltr'><strong>intermiscet3</strong></span> <span class='ocrx_word' id='word_1_146' title='bbox 1293 4050 1404 4107; x_wconf 87' lang='lat' dir='ltr'><strong>eam·</strong></span> 
     </span>
    </p>
   </div>
   <div class='ocr_carea' id='block_1_6' title="bbox 272 4306 1402 4513">
    <p class='ocr_par' dir='ltr' id='par_1_6' title="bbox 272 4306 1402 4513">
     <span class='ocr_line' id='line_1_25' title="bbox 315 4306 1402 4429; baseline 0.005 -29"><span class='ocrx_word' id='word_1_147' title='bbox 315 4334 329 4365; x_wconf 68' lang='lat'><strong>³</strong></span> <span class='ocrx_word' id='word_1_148' title='bbox 351 4332 427 4401; x_wconf 67' lang='lat' dir='ltr'><strong>Huc</strong></span> <span class='ocrx_word' id='word_1_149' title='bbox 439 4336 479 4401; x_wconf 84' lang='lat' dir='ltr'><strong>de</strong></span> <span class='ocrx_word' id='word_1_150' title='bbox 498 4358 530 4403; x_wconf 81' lang='lat' dir='ltr'><strong>re</strong></span> <span class='ocrx_word' id='word_1_151' title='bbox 543 4349 576 4404; x_wconf 90' lang='lat' dir='ltr'><strong>et</strong></span> <span class='ocrx_word' id='word_1_152' title='bbox 595 4336 699 4403; x_wconf 84' lang='lat' dir='ltr'><strong>Taciti</strong></span> <span class='ocrx_word' id='word_1_153' title='bbox 715 4338 814 4403; x_wconf 80' lang='lat' dir='ltr'><strong>laudi-</strong></span> <span class='ocrx_word' id='word_1_154' title='bbox 864 4340 959 4407; x_wconf 81' lang='lat' dir='ltr'><strong>editas</strong></span> <span class='ocrx_word' id='word_1_155' title='bbox 973 4306 1177 4429; x_wconf 60' lang='lat' dir='ltr'><strong>Itipdaanno</strong></span> <span class='ocrx_word' id='word_1_156' title='bbox 1191 4342 1351 4417; x_wconf 77' lang='lat' dir='ltr'><strong>1698.vol.</strong></span> <span class='ocrx_word' id='word_1_157' title='bbox 1362 4362 1402 4407; x_wconf 91' lang='lat' dir='ltr'><strong>rr.</strong></span> 
     </span>
     <span class='ocr_line' id='line_1_26' title="bbox 272 4420 986 4513; baseline 0.013 -29"><span class='ocrx_word' id='word_1_158' title='bbox 272 4422 331 4485; x_wconf 89' lang='lat' dir='ltr'><strong>bus</strong></span> <span class='ocrx_word' id='word_1_159' title='bbox 345 4420 512 4489; x_wconf 83' lang='lat' dir='ltr'><strong>orationem</strong></span> <span class='ocrx_word' id='word_1_160' title='bbox 532 4422 639 4489; x_wconf 84' lang='lat' dir='ltr'><strong>habuit</strong></span> <span class='ocrx_word' id='word_1_161' title='bbox 658 4422 813 4506; x_wconf 87' lang='lat' dir='ltr'><strong>Muretus,</strong></span> <span class='ocrx_word' id='word_1_162' title='bbox 863 4449 895 4513; x_wconf 82' lang='lat' dir='ltr'><strong>p.</strong></span> <span class='ocrx_word' id='word_1_163' title='bbox 910 4436 986 4495; x_wconf 76' lang='lat'><strong>³53.</strong></span> 
     </span>
    </p>
   </div>
   <div class='ocr_carea' id='block_1_7' title="bbox 273 4486 1343 4598">
    <p class='ocr_par' dir='ltr' id='par_1_7' title="bbox 273 4486 1343 4598">
     <span class='ocr_line' id='line_1_27' title="bbox 273 4486 1343 4598; baseline 0.011 -26"><span class='ocrx_word' id='word_1_164' title='bbox 273 4528 363 4592; x_wconf 85' lang='lat' dir='ltr'><strong>quam</strong></span> <span class='ocrx_word' id='word_1_165' title='bbox 388 4506 456 4573; x_wconf 83' lang='lat' dir='ltr'><strong>vide</strong></span> <span class='ocrx_word' id='word_1_166' title='bbox 474 4508 550 4576; x_wconf 89' lang='lat' dir='ltr'><strong>inter</strong></span> <span class='ocrx_word' id='word_1_167' title='bbox 572 4510 638 4598; x_wconf 78' lang='lat' dir='ltr'><strong>ejus</strong></span> <span class='ocrx_word' id='word_1_168' title='bbox 660 4510 813 4578; x_wconf 84' lang='lat' dir='ltr'><strong>orationes</strong></span> <span class='ocrx_word' id='word_1_169' title='bbox 905 4510 1043 4582; x_wconf 70' lang='lat' dir='ltr'><strong>‘Tacit</strong></span> <span class='ocrx_word' id='word_1_170' title='bbox 1057 4512 1168 4585; x_wconf 84' lang='lat' dir='ltr'><strong>Annal.</strong></span> <span class='ocrx_word' id='word_1_171' title='bbox 1184 4530 1244 4582; x_wconf 77' lang='lat' dir='ltr'><strong>xv·</strong></span> <span class='ocrx_word' id='word_1_172' title='bbox 1258 4524 1310 4583; x_wconf 81' lang='lat'><strong>44.</strong></span> <span class='ocrx_word' id='word_1_173' title='bbox 1338 4486 1343 4493; x_wconf 24' lang='grc' dir='ltr'>Ι</span> 
     </span>
    </p>
   </div>
   <div class='ocr_carea' id='block_1_8' title="bbox 0 0 1607 5509">
    <p class='ocr_par' dir='ltr' id='par_1_8' title="bbox 0 0 1607 5509">
     <span class='ocr_line' id='line_1_28' title="bbox 0 0 1607 5509; baseline 0 0"><span class='ocrx_word' id='word_1_174' title='bbox 0 0 1607 5509; x_wconf 95' lang='lat' dir='ltr'><strong> </strong></span> 
     </span>
    </p>
   </div>
  </div>
 </body>
</html>
