3200 5509
937 203 1058 269 4⁸6
1525 205 1773 263 NOTAE
1815 202 1916 262 ET
1956 203 2611 264 EMENDATlom-:s

1032 363 1212 427 CAP.
1256 373 1380 433 7Ο.’
1435 362 1825 450 Largiretur.
1935 363 2223 446 Elegans,
2284 366 2389 427 sed
2451 363 2639 428 rarior
2690 376 2781 427 est
2832 364 2952 428 baec
3012 367 3142 430 verbi

948 488 1234 560 potestas.
1320 473 1478 537 Vide
1510 475 1831 537 Ruhnken.
1862 475 1937 536 ad
1974 475 2125 536 Rut.
2159 474 2320 558 Lup.
2350 483 2457 537 58.

1038 583 1405 669 Insignitior
1452 582 1737 670 infamia.
1823 581 1923 644 Ita
1974 582 2127 645 MS.
2185 582 2353 646 Flor-
2411 582 2680 646 Piehem
2729 596 2791 644 et
2844 582 3150 646 recentiore·

948 716 1179 758 omnes.
1271 694 1600 776 Perperam
1659 691 1996 756 Beroaldus
2046 691 2267 777 aliique
2322 704 2571 769 veteres,
2626 692 2933 776 insignior.
3010 690 3153 754 Male

946 817 1133 866 tentat
1167 801 1474 877 HeinsiuS,
1504 801 1798 888 infamiae.

1034 910 1373 998 Egregium
1441 912 1772 996 publicum.
1858 909 2166 992 Legerim,
2236 922 2296 973 et
2357 911 2629 997 gratiam
2690 909 3018 995 publicam,
3084 907 3158 970 vel

945 1022 1220 1106 gratiam
1237 1021 1572 1106 publicam.
1622 1021 1785 1103 Rep.
1818 1021 1891 1082 of
1914 1018 2079 1082 Lett.
2108 1020 2206 1081 for
2233 1018 2435 1102 April,
2468 1028 2646 1089 1734.
2675 1044 2740 1105 p.
2767 1020 2916 1084 246.

1034 1218 1213 1282 CAP.
1260 1228 1364 1288 71.
1459 1217 1521 1281 V
1513 1219 1754 1282 aletudo
1782 1217 2056 1282 adversa.
2144 1217 2217 1281 In
2245 1220 2509 1283 editione
2538 1217 2811 1304 principe
2833 1217 2931 1279 hle
2951 1225 3008 1279 et
3031 1212 3167 1288 alibi,

947 1327 1104 1391 sicut
1133 1342 1194 1392 et
1225 1330 1446 1413 passim
1476 1329 1537 1392 in
1568 1329 1771 1392 MSS.
1801 1326 1988 1405 libris,
2015 1327 2311 1391 valitudo.
2398 1330 2588 1400 Quod
2614 1330 2690 1392 sit
2714 1329 2858 1391 satis
2883 1326 3167 1390 monuisse·

1037 1436 1376 1523 Plusqucim
1411 1439 1738 1502 binoctium
1767 1438 2012 1501 abesset.
2102 1436 2197 1500 Ita
2243 1437 2395 1502 MS.
2436 1437 2602 1500 Flor.
2647 1437 2939 1500 editiones
2980 1451 3171 1502 veteres

945 1561 1009 1612 et
1036 1549 1417 1610 recentiores,
1493 1549 1738 1612 Frustra
1759 1548 2038 1611 emendat
2063 1547 2410 1623 Rhenanus,
2432 1567 2505 1609 ne
2523 1545 2851 1630 plusqudm
2882 1545 3173 1611 binoctium

951 1655 1208 1721 abes-set.-
1256 1657 1557 1736 ferretus,
1586 1659 1728 1721 dum
1759 1681 1831 1720 ne
1854 1654 2177 1742 plusqmim
2207 1656 2536 1718 binoctium
2566 1656 2826 1719 abesset.-
2873 1679 2948 1719 ue
2980 1656 3174 1736 diebus,

945 1768 1052 1843 dyc.
1099 1780 1275 1830 aetate
1300 1769 1541 1852 quidem
1568 1765 1876 1830 dictatoris
1907 1765 2154 1829 Camilli
2190 1764 2274 1828 A.
2307 1763 2389 1826 U.
2424 1764 2500 1828 C.
2532 1766 2677 1830 364.
2724 1764 3003 1829 flamini
3021 1763 3177 1828 Diali

949 1887 1182 1940 noctem
1236 1901 1423 1940 unam
1478 1899 1720 1940 manere
1777 1887 1946 1939 extra
2009 1874 2229 1939 Urbem
2275 1873 2453 1960 nefas
2499 1887 2645 1953 erat,
2701 1873 2937 1954 Livius,
2993 1897 3051 1937 v.
3095 1885 3178 1940 52.

948 1985 1305 2051 Austeriore
1345 1988 1462 2050 haic
1498 1986 1631 2068 lege
1658 1985 1752 2048 vel
1795 1985 2124 2070 antiquata,
2167 1983 2283 2062 vel,
2329 1997 2396 2046 ut
2441 1982 2637 2046 solent
2683 1985 2946 2046 humana
2987 1985 3180 2062 omnia,

951 2094 1165 2158 saltem
1196 2095 1507 2179 paululum
1539 2095 1808 2172 remissit,
1840 2094 2171 2157 binoctium
2202 2095 2411 2155 abesse
2439 2094 2660 2176 potuit.
2748 2093 2817 2155 N
2824 2116 2944 2157 unc
2968 2096 3181 2170 permit-

953 2202 1116 2281 titur,
1148 2218 1214 2268 ut
1258 2219 1509 2288 propter
1537 2203 1936 2267 valetudinem
1963 2204 2291 2280 adversam,
2326 2201 2629 2285 pontificis
2666 2202 2917 2266 maximi
2944 2204 3180 2281 arbitrio,

951 2314 1273 2400 plusquzim
1307 2314 1638 2377 binoctium
1667 2315 1876 2376 abesse
1898 2312 2121 2397 possit:
2152 2312 2294 2373 dum
2317 2332 2392 2373 ne
2422 2311 2633 2374 diebus
2663 2311 2898 2396 publici
2921 2312 3183 2391 sacrificii,

949 2447 1069 2488 neu
1099 2423 1318 2506 saepius
1345 2420 1526 2507 quem
1557 2424 1650 2486 bis
1678 2423 1956 2486 eumdem
1985 2417 2046 2484 in
2073 2442 2316 2483 annum.
2404 2420 2472 2484 Si
2500 2444 2574 2483 ne
2601 2406 2942 2486 binoctium
2972 2424 3182 2507 quidem

950 2530 1126 2597 Urbe
1176 2535 1384 2594 abesse
1430 2531 1726 2615 potuisset
1771 2532 2007 2608 flamen,
2056 2544 2278 2593 sortem
2329 2529 2495 2593 Asiae
2552 2531 2859 2615 postulare
2909 2555 3182 2618 nunquam

950 2664 1130 2706 susus
1177 2654 1334 2706 esset
1385 2641 1628 2705 Servius
1674 2639 2136 2723 Maluginensis.
2241 2639 2399 2703 Vide
2449 2663 2582 2725 quae
2632 2641 2794 2705 dicta
2850 2655 2993 2707 sunt
3033 2664 3184 2726 supra

951 2772 1100 2849 cap.
1119 2758 1224 2816 58.

1038 2982 1219 3048 CAP.
1265 2991 1367 3053 72.
1460 2982 1567 3046 Ab
1610 2993 1820 3047 senatu
1850 2983 2089 3068 petivit.
2158 2982 2255 3048 Ita
2285 2983 2439 3048 MS.
2469 2983 2636 3049 Flor.
2664 2983 2960 3048 editiones
2988 2996 3183 3048 veteres

949 3106 1012 3157 et
1039 3093 1415 3156 recentiores.
1483 3091 1557 3155 In
1589 3093 1974 3173 intermediis,
1998 3094 2036 3158 ὰ
2064 3105 2295 3157 senatu.
2369 3093 2474 3157 Sic
2496 3117 2640 3158 mox
2673 3095 2822 3157 infra
2853 3107 3182 3169 correctum,

945 3215 1352 3265 monumenta.
1444 3202 1514 3265 ln
1549 3203 1708 3265 MS:
1731 3202 1893 3266 Flor.
1924 3217 1986 3266 et
2012 3207 2311 3266 veteribus
2341 3204 2724 3283 editionibus,
2754 3205 3127 3267 monimenta.

1038 3310 1379 3375 Basilicam
1427 3311 1646 3375 Pauli.
1736 3313 1894 3375 Cum
1947 3312 2026 3374 L.
2070 3312 2356 3375 AEmilius
2407 3311 2659 3392 Paulus,
2707 3312 2951 3376 AEmilii
2997 3311 3187 3395 Lepidi

948 3422 1241 3486 triumviri
1293 3424 1493 3500 frater,
1544 3443 1623 3485 M.
1659 3443 1725 3486 1).
1776 3422 2015 3501 talenta,
2066 3423 2259 3508 Angl.
2301 3422 2618 3501 837,500l.
2663 3420 2700 3484 d
2743 3422 2920 3488 Julio
2952 3422 3184 3496 Caesare,

946 3547 1015 3595 ut
1084 3555 1206 3596 non
1262 3518 1688 3608 adversaretur,
1746 3532 2097 3615 accepisset,
2145 3533 2462 3615 pecuniam
2518 3531 2681 3594 illam
2739 3532 2801 3595 in
2855 3530 3185 3596 exstruendi

951 3642 1202 3704 basilici:
1238 3642 1550 3724 impendit,
1582 3646 1806 3715 Παῦλος
1836 3644 1935 3723 μὲν
1963 3641 2025 3718 δή
2056 3640 2154 3718 τήν
2182 3643 2411 3705 Παύλου
2440 3641 2735 3727 λεγομένην
2763 3641 3073 3718 Βασιλικῆν
3098 3639 3183 3703 ἀπὸ

944 3753 1110 3812 τῶνδε
1137 3759 1244 3812 τῶν
1262 3751 1575 3837 χρημάτων
1605 3751 1820 3827 ἀνέθηκε
1843 3751 2160 3832 Ῥωμαίοις,
2190 3752 2527 3834 οἰκοδόμημα
2550 3750 2915 3840 περικαλλές,
2945 3751 3180 3834 Appiam·

950 3855 1113 3919 Bell.
1158 3859 1312 3922 civil.
1351 3881 1430 3922 11.
1463 3884 1525 3944 p.
1558 3869 1704 3924 443.
1793 3860 1948 3922 Eam
1980 3861 2234 3944 perfecit
2262 3875 2325 3924 et
2362 3861 2582 3924 dicavit
2619 3860 2913 3925 AEmilius
2945 3858 3180 3942 Lepidus

949 3964 1204 4044 Paulus,
1239 3968 1414 4031 Pauli
1446 3968 1626 4046 filius,
1657 3969 1740 4033 A.
1771 3968 1850 4031 U.
1883 3969 1958 4032 C.
1989 3978 2135 4040 720.
2164 3994 2288 4054 que
2317 3970 2531 4034 consul
2575 3972 2694 4034 fuit
2720 3969 3029 4047 suffectus,
3059 3966 3181 4041 Dio,

950 4093 1163 4137 xmx.
1205 4099 1269 4158 p.
1297 4081 1445 4140 416.
1536 4076 1671 4160 Igni
1712 4081 1987 4142 absumta
2032 4080 2147 4143 fuit
2187 4081 2270 4143 A.
2303 4079 2383 4144 U.
2416 4080 2493 4143 C.
2523 4088 2674 4150 740.
2712 4082 2789 4142 ab
2828 4081 3101 4162 Augusto
3127 4086 3181 4155 ret,

949 4181 1196 4253 AEmilli
1243 4186 1453 4251 amicis
1514 4202 1861 4270 restaurata,
1922 4187 2072 4269 Dio,
2124 4209 2268 4256 mv.
2309 4214 2373 4275 p.
2417 4198 2565 4257 538.
2624 4189 2945 4275 pristinum
2996 4204 3181 4251 nomen
