3200 5509
341 547 399 601 sss
629 542 751 605 norro
773 546 825 605 ur
847 534 1173 607 nnrnsnsrrouss
1192 532 1202 553 ¹

341 692 481 757 domestic
494 716 630 781 recerrge,
642 708 694 759 not
706 697 756 761 tbe
767 719 896 784 revenge
909 694 949 783 os
966 720 1007 761 on
1023 696 1182 781 Emperor.
1226 696 1280 761 Sic
1291 688 1449 773 Darsmsti,
1551 714 1552 787 t

346 798 515 889 Leggecasi
536 811 556 841 “
570 806 639 868 novi
654 804 824 891 Principis’'
835 806 930 883 orale,-
942 806 989 893 sn
1004 808 1158 871 rocroncio
1178 814 1201 845 “
1212 830 1274 870 non
1289 800 1453 889 Principis*

343 934 405 975 eron
418 912 513 991 male,·
534 937 589 979 oro
605 938 711 1002 seggo,
724 922 745 953 “
759 938 820 979 non
834 916 861 979 vi
876 914 1047 1002 principis,¹'
1068 916 1222 981 benissimo
1245 940 1262 981 e
1283 913 1453 1001 correggoni
1551 906 1552 917 ¹

345 1030 366 1059 ‘⁴
382 1020 658 1109 Nondaprincipe
672 1046 725 1089 eon
741 1022 904 1112 losorza.”

355 1142 363 1156 ⁸
389 1132 428 1195 St
444 1155 504 1219 qrro
525 1134 560 1197 ia
581 1157 633 1198 nos
652 1134 778 1198 adsrerso
789 1134 969 1221 finguntur.
1013 1134 1136 1221 Aliquid
1157 1135 1207 1198 lric
1232 1132 1378 1197 excidisse
1390 1128 1456 1193 matt
1552 1158 1553 1165 ¹

317 1272 321 1279 ·
345 1242 513 1325 suspicetur
525 1243 689 1307 Acidalins.
733 1244 827 1307 Haud
843 1242 961 1307 felicior
975 1244 1149 1308 Gronovius
1163 1243 1214 1329 qui
1228 1254 1326 1307 tentet
1343 1240 1459 1316 dicein,

317 1368 403 1435 ‘pro
414 1351 551 1415 adverso.
573 1353 726 1417 Adversas
736 1374 872 1416 rumores
881 1352 979 1417 laetsm
993 1353 1050 1417 sibi
1064 1376 1128 1417 esse
1144 1348 1322 1417 Germanici
1337 1362 1461 1429 mortens,

317 1482 437 1545 -suprs
449 1484 517 1546 cap.
532 1470 563 1525 2.
578 1462 758 1547 perstringit.
1552 1442 1553 1465 ³

389 1697 478 1763 Cae.
503 1710 552 1765 14.
582 1699 780 1766 Adstorrtt'urn
808 1703 883 1766 visu
928 1696 1071 1765 Heinsius
1098 1700 1218 1784 legebat
1243 1698 1339 1763 visus.
1382 1694 1418 1757 Β.
1432 1692 1464 1758 C.

321 1825 326 1837 ’
354 1818 403 1871 lt.
429 1830 476 1871 vr.
491 1811 545 1880 67.
587 1810 666 1874 Vide
679 1835 801 1897 quoque
817 1810 911 1875 lllisc.
927 1811 1004 1876 Obs.
1021 1832 1072 1874 rx.
1086 1818 1159 1881 389.

394 1916 585 2003 Seripmsent
643 1921 872 2004 expostulantes.
943 1919 989 1984 Itu
1039 1918 1107 1981 libri
1149 1940 1271 1981 omues.
1318 1910 1404 1977 ldem
1443 1908 1468 1973 in
1553 1949 1554 1975 r

339 2022 493 2093 'omnibus
520 2028 636 2092 vitium.
691 2028 805 2108 Verba,
826 2032 1008 2115 scripsissent
1034 2026 1263 2113 repostulantcs:
1297 2022 1381 2111 qnod
1398 2019 1470 2084 baud

323 2135 451 2200 'sninbs
485 2136 633 2214 Tiberius,
660 2138 751 2225 qudrn
775 2138 861 2217 Piso,
883 2138 1024 2216 obnube,
1048 2137 1119 2201 loco
1146 2158 1202 2199 suo
1226 2149 1313 2198 mota
1336 2130 1471 2196 existimat
1553 2156 1554 2179 i

354 2244 488 2331 Lipsius.
541 2246 686 2311 Muretus
709 2248 833 2312 omnino
861 2246 1017 2331 espungit,
1040 2245 1224 2330 scripsissent
1244 2240 1471 2328 expostulantes:

324 2368 328 2375 ’
354 2368 454 2419 cetera
473 2354 677 2440 superioribus
699 2356 807 2434 serbis,
830 2354 954 2444 irffectos
977 2356 1115 2419 inartilnts
1134 2356 1196 2440 pus
1219 2352 1305 2417 cibos
1327 2358 1474 2437 arguentes
1549 2422 1553 2440 Ι

354 2466 520 2551 subjungit,
547 2478 578 2530 st
603 2464 726 2529 minime
752 2466 959 2551 probabiliter.
1013 2464 1172 2527 Mercerus
1193 2460 1358 2526 infeliciter
1382 2472 1473 2533 tentat,

354 2574 496 2638 submissi
523 2574 752 2658 expostulantes,
781 2572 863 2661 quiid
888 2572 973 2637 barud
990 2572 1088 2636 orinia
1119 2570 1265 2649 Tiberius,
1289 2566 1384 2657 qusint
1400 2568 1475 2642 Piso,

324 2698 329 2705 ⁴
358 2683 513 2763 abnueret,
527 2684 612 2768 quasi
625 2684 773 2747 submissis
788 2706 861 2746 voce
876 2696 1048 2768 quereretur
1057 2696 1185 2759 senatus,
1199 2680 1282 2765 quod
1295 2680 1379 2743 hand
1392 2677 1476 2741 minin
1554 2662 1555 2681 ἕ

327 2802 332 2819 “
357 2788 510 2867 Tiberius,
537 2789 629 2875 quim
655 2790 731 2855 Piso
751 2806 881 2857 mortem
907 2790 1091 2855 Germanico
1110 2814 1175 2853 esse
1198 2788 1315 2853 illatam
1339 2799 1477 2871 negarent.

359 2896 475 2963 Illustr.
490 2900 635 2979 Boetius,
646 2903 826 2985 scripsissent
840 2900 994 2966 insititiunr
1014 2914 1108 2985 putat,
1122 2913 1152 2962 et
1166 2922 1202 2962 ex
1218 2898 1358 2962 interiise
1371 2908 1476 2960 enatum

359 3008 530 3071 nrbitrntnr.
574 3008 622 3073 Ex
637 3010 744 3073 fictitio
769 3010 884 3073 Codice
909 3010 984 3072 MS.
1010 3010 1143 3073 Faernus
1163 3021 1193 3073 et
1217 3006 1348 3073 Ursinus
1370 3008 1476 3080 addunt,

360 3116 566 3201 scripsissent:
589 3118 746 3182 instabant
759 3128 945 3182 accusatores
957 3118 1061 3181 statim
1071 3118 1164 3181 scribi
1176 3118 1345 3182 sententias
1358 3124 1477 3201 exposta·
1555 3180 1556 3209 r

330 3224 470 3291 dantes.
512 3226 655 3291 Absurde
679 3226 882 3305 Boslrornius,
904 3250 957 3291 cur
971 3224 1165 3313 interfecisset
1180 3226 1412 3313 eapostulontes.
1449 3222 1476 3285 ln
1555 3304 1556 3317 χ

329 3370 334 3378 ·
363 3336 452 3400 tontis
466 3334 598 3414 salebris,
621 3335 794 3400 Gronovius
810 3348 840 3399 et
854 3334 1009 3413 Ernestus,
1025 3334 1107 3399 taciti
1121 3336 1274 3400 iulraerent.
1318 3335 1477 3400 Fortddse
1555 3320 1556 3323 ¹

250 3446 254 3453 ’
329 3466 334 3475 ’
364 3446 482 3509 tantum
496 3444 621 3522 voculae,
636 3455 664 3508 et
681 3468 756 3531 qua,
769 3444 815 3508 vel
829 3468 962 3531 quaque,
976 3444 1124 3510 excidite.
1167 3444 1362 3529 Judicesper
1375 3442 1477 3507 dicerso

333 3591 337 3597 ·
363 3552 574 3639 implacabiles
587 3564 690 3617 erant.-
713 3552 817 3618 Casar
830 3554 868 3618 ob
884 3552 992 3618 bellam
1003 3553 1167 3638 provincie
1177 3552 1328 3619 inlatum:
1353 3552 1478 3627 Senatus,

365 3684 522 3749 nunqnam
534 3664 610 3726 satis
630 3663 745 3727 credito
757 3664 822 3728 sine
835 3662 956 3750 froude
980 3662 1196 3727 Germanicum
1218 3664 1364 3743 interiise,
1386 3672 1413 3727 et
1426 3680 1478 3747 qne

366 3770 551 3857 scripsissent
583 3770 809 3856 erpostrrlarrtes,
841 3786 875 3836 ut
899 3794 936 3835 ex
966 3772 1150 3851 Germanici,
1179 3771 1311 3852 Pisonis,
1341 3772 1477 3857 ipsiusque

282 3920 287 3929 ·
366 3877 486 3946 'liberii
496 3893 527 3943 et
542 3879 647 3958 Liviae,
664 3881 714 3966 qui
731 3881 849 3945 occulte
867 3882 1114 3966 perstringuntur,
1125 3880 1233 3944 chartis
1243 3882 1351 3944 veritas
1363 3894 1477 3965 pateret:

334 4024 339 4037 ·
369 3990 453 4077 qaod
473 3990 559 4056 baud
579 3990 678 4054 mincis
695 3988 842 4068 Tiberius,
857 3992 947 4077 qutirn
969 3988 1056 4069 Piso,
1079 3991 1219 4069 obrrubre,
1234 3974 1271 4053 ire
1285 3986 1480 4054 dominationis

335 4131 339 4141 .
370 4120 478 4162 mna
491 4103 696 4184 proderentur.
741 4099 816 4166 Non
838 4101 876 4164 ita
900 4100 1092 4185 probabiliter
1106 4099 1326 4164 Freinshemius
1350 4100 1380 4164 in
1404 4100 1480 4164 Para⁴

334 4219 338 4245 ³
372 4208 473 4292 phrasi
497 4208 621 4274 Cornel.
666 4208 800 4277 Quidam
829 4210 921 4274 etiarn
945 4210 1063 4295 longirls
1078 4210 1338 4295 provehebantur,
1364 4204 1480 4275 exbiberi
1554 4268 1556 4283 ,

372 4318 559 4406 recitarique
585 4320 699 4397 literas,
722 4342 798 4406 quas
833 4320 924 4383 ornici
954 4317 1078 4383 Pisonis
1104 4320 1147 4382 ad
1172 4319 1268 4404 ipsum
1303 4320 1480 4403 scripsissent,

375 4429 606 4513 eapostalantes,
630 4430 679 4493 cui
689 4429 890 4515 flagitationi
913 4429 998 4493 baud
1020 4430 1121 4493 minsis
1152 4428 1298 4509 Tiberius,
1321 4428 1408 4516 qrrdm
1432 4429 1481 4512 ipse

294 4552 301 4569 ²
335 4558 341 4568 ·
378 4537 469 4618 Piso,
481 4539 602 4602 restitit.
645 4538 723 4601 Vide
738 4538 833 4603 Misc.
849 4538 926 4603 Obs.
953 4548 1122 4611 v111.990.
1167 4538 1220 4603 Sic
1246 4538 1382 4623 Mur-phy
1400 4534 1480 4611 vertit,

340 4650 414 4715 ...A
430 4649 552 4715 enotion
571 4670 635 4717 roas
655 4648 818 4736 madefac
840 4650 890 4715 tbe
913 4649 1098 4735 productiore
1126 4648 1167 4737 ⁰f
1175 4648 1241 4715 stt
1258 4648 1361 4717 letters
1379 4647 1483 4714 onon
