3200 5509
279 554 341 599 ω
475 613 477 619 y
719 528 981 610 censurio

276 758 454 843 rumque
472 733 657 817 onmium
676 732 899 817 editionum
920 732 1057 829 fidem,
1077 732 1270 819 adversus
1289 737 1414 825 Pom·

278 877 392 985 ponii
417 876 572 971 Sabini,
593 874 893 970 Grammatici,'
925 876 1225 976 auctoritatem,
1243 880 1411 967 demum

278 1018 470 1103 adversus
504 1021 771 1103 certissimam
805 1031 1036 1129 temporum
1068 1021 1281 1120 rationem,
1314 1050 1409 1133 quae

277 1163 346 1243 uni
369 1160 515 1245 Tacito
534 1164 743 1271 competit.
803 1160 959 1243 Contra
991 1172 1087 1242 sunt
1109 1164 1182 1271 qui
1212 1166 1251 1246 ei
1279 1168 1411 1250 vindi-

277 1315 374 1387 cent
391 1304 604 1415 epistolam
632 1332 757 1387 unam
785 1302 981 1385 Plinianis
1000 1303 1222 1388 insertam.²
1279 1303 1407 1392 Haud

277 1448 470 1555 equidem
505 1446 786 1555 improbabilis
831 1455 893 1525 est
930 1446 1175 1555 conjectura.
1246 1448 1303 1531 At
1338 1455 1408 1537 vix

275 1590 396 1673 ullius
432 1593 630 1675 momenti
667 1618 729 1673 res
763 1600 839 1685 est,
873 1588 929 1669 ob
965 1589 1147 1670 materiae
1183 1588 1407 1678 levitatem.

274 1730 374 1844 Ipsa
387 1728 560 1842 epistola
578 1736 684 1816 inter
709 1730 961 1815 Testimouia
979 1729 1176 1815 Veterum
1195 1760 1290 1818 mox
1312 1738 1408 1819 sub-

267 1877 475 1989 jungetur,
491 1889 540 1961 ut
559 1904 683 1987 penes
702 1903 913 1985 quemque
931 1876 983 1957 sit
992 1876 1206 1987 judicium.

330 2144 540 2233 Hactenus
580 2150 715 2233 Taciti
756 2149 893 2231 studia
930 2160 973 2229 et
1009 2148 1303 2233 meditamenta
1345 2178 1405 2233 re-

273 2290 435 2383 censui;
471 2269 666 2403 superest
689 2306 736 2375 ut
767 2292 1042 2401 quorumdam
1077 2293 1269 2375 adversds
1306 2322 1404 2379 eum

271 2433 585 2532 criminationes,
619 2464 702 2519 non
742 2433 907 2519 editoris
944 2433 1122 2531 adfectu,
1165 2435 1236 2517 sed
1273 2435 1404 2521 ductu

270 2579 466 2675 veritatis,
480 2582 724 2689 expendam.
783 2578 922 2677 Nemo
940 2578 1049 2659 enim
1064 2577 1151 2659 sine
1166 2576 1405 2662 adversariis

270 2746 466 2831 magnum
500 2750 650 2805 nomen
680 2721 879 2811 obtinuit;
908 2734 950 2801 et
979 2728 1137 2827 quanto
1164 2719 1404 2805 celebratior

268 2860 404 2947 Taciti
436 2864 560 2964 fama,
590 2877 705 2949 tanto
732 2863 982 2977 gravioribus
1014 2861 1150 2971 patuit
1177 2866 1405 2947 accusatio-

270 3006 401 3090 nibus.
458 3007 523 3089 Ac
550 3010 683 3117 primd
703 3008 872 3119 quidem
892 3006 1158 3089 criminantur
1178 3007 1401 3116 malignum

270 3174 363 3231 curn
379 3148 503 3231 fuisse
517 3163 560 3231 et
571 3151 819 3253 μισάνθρωπον,
836 3148 911 3258 qui
929 3149 1070 3229 omnia
1086 3148 1151 3229 vel
1163 3150 1404 3258 suspicionis

269 3292 345 3375 bus
375 3291 636 3388 adulteraret,
665 3291 727 3375 vel
755 3293 796 3373 in
816 3292 1056 3377 deteriorem
1083 3303 1241 3400 partem
1268 3290 1401 3375 trahe-

269 3446 342 3519 ret.
400 3434 504 3519 Hoec
523 3434 633 3519 certe
654 3436 823 3547 maligui
842 3449 886 3521 et
903 3436 1082 3546 improbi
1101 3444 1198 3518 sunt
1210 3433 1399 3533 bominis,

269 3578 432 3685 qualern
480 3607 601 3663 nemo
648 3578 796 3663 dixerit
828 3578 1031 3673 Tacitum,
1076 3576 1149 3683 qui
1185 3576 1400 3659 sceleratos

268 3723 418 3833 passim
449 3726 594 3835 arguit,
618 3723 809 3807 virtutem
840 3723 995 3807 meritis
1023 3719 1212 3803 laudibus
1238 3746 1401 3829 semper

266 3866 426 3962 extulit,
445 3867 599 3949 amicos
620 3893 702 3949 non
717 3866 865 3951 habuit
882 3866 958 3947 nisi
973 3863 1166 3975 optimos,
1181 3863 1399 3971 ipsamque

265 4008 573 4117 malignitatem,
611 4008 713 4091 falsa
743 4008 940 4090 libertatis
971 4005 1109 4115 specie
1145 4003 1396 4103 illudentem,

264 4176 374 4263 saepe
394 4152 600 4263 corripuit.
657 4152 716 4235 At
730 4153 994 4263 suspiciones,
1008 4148 1260 4264 conjecturas
1275 4146 1397 4231 inter·

302 4462 313 4491 ¹
337 4459 440 4533 Quem
450 4458 519 4525 vide
529 4454 688 4527 infminter
696 4458 798 4529 Testi-
896 4460 911 4508 ²,
932 4453 1014 4524 Ptin.
1029 4453 1130 4543 Epist.
1146 4476 1199 4520 rx.
1218 4460 1266 4517 10.

258 4544 359 4619 monia
373 4546 529 4614 Veterum.
1055 4577 1060 4583 ·
