3200 5509
312 526 374 591 460
612 526 736 589 NOTAE
757 524 810 587 ΕΤ
829 527 1158 593 EMENDATIONBS

311 683 420 751 Attalo
434 680 518 760 Asia,
534 680 575 744 A.
588 680 632 745 U.
647 680 687 745 C.
701 682 776 747 621.
792 682 943 748 civitatem
964 684 1111 770 paulatim
1132 698 1284 751 assuetam
1302 708 1397 752 aman
1407 704 1438 755 rt

313 793 453 861 admirari
466 791 653 878 opulentiam
670 804 838 869 extensam,
862 794 1006 882 ultroque
1023 796 1054 861 in
1073 796 1212 873 munias,
1237 818 1314 883 qun
1338 820 1444 863 mo·

311 906 452 984 ravimus,
465 902 621 983 nritrrram
637 904 756 987 penitus
771 903 911 988 perdidit.

353 1016 470 1081 Verum
482 1036 522 1079 ne
532 1026 597 1078 tota
611 1012 677 1077 hac
693 1012 864 1099 disquisitio
882 1013 913 1079 in
930 1014 1157 1083 admirationem
1177 1019 1449 1103 indignativum

312 1142 410 1209 exeat,
432 1123 613 1209 singularem
635 1122 686 1188 Cl.
711 1126 750 1189 de
772 1124 1003 1212 Montesquien,
1018 1126 1129 1214 Esprr't
1146 1129 1196 1194 des
1220 1128 1315 1209 loix,
1338 1152 1404 1194 vrr.
1421 1140 1452 1195 4.

311 1238 385 1303 vor.
409 1260 434 1302 r.
458 1260 490 1322 p.
513 1244 584 1301 158.
607 1236 646 1298 de
669 1234 744 1299 luxu
767 1236 946 1301 sententiam
970 1238 1074 1322 paucis
1096 1242 1317 1324 expendamus.
1376 1240 1452 1307 Her

312 1348 469 1437 praecipue
492 1348 568 1433 ejus,
590 1368 658 1431 que
675 1369 732 1410 nor
752 1359 902 1431 spectant,
927 1346 1044 1433 capita:
1075 1348 1236 1415 Tiberium
1260 1351 1454 1417 existimime

1551 904 1553 1003 Ι

311 1462 418 1527 hrum
442 1458 474 1523 iu
495 1456 595 1541 regnis
616 1478 681 1521 esse
704 1457 930 1539 necessarium
966 1457 1053 1523 illum
1077 1459 1107 1523 in
1130 1460 1235 1541 literis,
1258 1486 1330 1549 quae
1356 1463 1455 1548 capite
1552 1450 1553 1481 ³

312 1570 447 1659 ”quenti
472 1567 623 1653 leguntur,
648 1568 846 1652 approbasse.
905 1568 995 1633 Unde
1021 1570 1147 1635 adaunit
1175 1570 1206 1635 in
1235 1572 1340 1656 regnis
1368 1573 1456 1639 lm,
1552 1590 1553 1619 r

310 1682 537 1759 necessitaten13
558 1676 654 1741 nullas
674 1678 705 1742 iu
723 1678 761 1742 iis
779 1680 891 1743 debere
911 1702 976 1745 esse
994 1678 1076 1765 leges
1095 1682 1294 1747 summarias:
1328 1697 1364 1748 et
1386 1708 1460 1749 con-

312 1793 408 1859 cludit
420 1788 607 1876 respublicas
621 1788 708 1867 luxu,
722 1812 814 1872 regna
828 1802 961 1873 egestate
975 1790 1083 1875 perire.
1130 1790 1239 1857 Tibure
1254 1795 1371 1880 eoyor‘t
1390 1795 1460 1860 bien

311 1904 388 1993 qn'ii
413 1926 451 1967 sse
472 1899 588 1991 fniloit
607 1898 681 1987 plus
699 1900 738 1963 dc
759 1898 824 1963 loir
846 1900 1177 1986 mrrrptnuirer--Lr
1204 1904 1274 1969 iure
1304 1916 1349 1969 est
1382 1906 1460 1971 donc

311 2014 475 2081 edormire
487 2012 565 2077 dans
579 2009 621 2075 les
634 2008 727 2075 Etats
741 2008 1154 2097 Monarciiques--Tont
1172 2014 1234 2079 ceci
1252 2038 1343 2080 meru
1365 2016 1390 2081 d
1404 2040 1461 2082 nr

311 2124 477 2213 σξβιτίοπ.
510 2122 571 2187 Les
591 2119 798 2207 deudliques
807 2120 1024 2208 fimssrntpnr
1043 2120 1071 2189 le
1083 2122 1171 2201 Iure,
1193 2122 1234 2189 les
1250 2122 1461 2194 Mammida

304 2262 370 2325 par
383 2236 415 2301 ia
427 2231 584 2321 pnuvrrtr‘.

354 2349 402 2414 At
417 2346 557 2411 Tiberius
573 2342 686 2424 Cesar,
708 2342 832 2408 minimi
844 2343 934 2409 coritis
948 2344 1122 2430 imperator,
1144 2345 1239 2411 immo
1253 2348 1461 2431 tristissimae,

312 2472 347 2527 at
368 2468 496 2534 coastat,
517 2454 683 2532 bmnium,
699 2466 775 2518 teste
797 2452 911 2533 Plinio,
932 2474 1049 2519 xxxv.
1073 2464 1105 2520 4.
1119 2468 1150 2520 et
1167 2478 1306 2521 xxvrrr.
1321 2468 1355 2523 θ.
1371 2457 1461 2525 luni

313 2572 372 2637 fuit
388 2592 509 2654 semper
527 2564 754 2644 infensissimus,
777 2565 906 2629 Sueten.
927 2564 1075 2630 inTiber.
1095 2588 1227 2631 xxxiv.
1271 2566 1311 2633 ln
1326 2571 1461 2655 egregiis

312 2681 375 2748 anis
391 2680 452 2745 huc
470 2680 509 2743 de
527 2700 560 2741 re
578 2676 672 2741 literis
689 2675 797 2741 inxnm
819 2675 965 2756 tolerarit,
989 2700 1051 2743 non
1072 2680 1264 2763 approbarit.
1310 2678 1460 2749 Noverat

310 2790 463 2875 Princeps
477 2787 614 2867 callidus,
622 2800 654 2851 et
665 2786 839 2871 regnatricis
854 2787 924 2853 artis
939 2786 1146 2873 peritissimus,
1157 2788 1359 2875 irrepentibus
1376 2792 1460 2857 vitiis

314 2902 378 2969 cito
410 2900 654 2979 occurrendum
690 2896 858 2983 vigentibus
885 2897 1002 2978 acriter,
1032 2900 1084 2962 sed
1113 2896 1193 2965 lenti
1218 2898 1458 2981 obsistendum
1549 2970 1550 2975 γ

315 3008 538 3088 inamabiiibns,
557 3032 596 3075 ne
614 3023 760 3087 mercam,
780 3008 1012 3075 connivendum.
1056 3008 1140 3075 Vitia
1157 3034 1222 3075 esse
1240 3012 1368 3092 atrocia,
1385 3038 1457 3100 qut

314 3122 471 3190 severitate
484 3121 682 3187 extermines:
704 3143 770 3185 esse
783 3118 894 3199 dulcia,
919 3142 986 3207 qure
1000 3121 1156 3186 severitate
1170 3120 1278 3187 irrites.
1325 3123 1458 3189 Lunum

314 3232 404 3300 dulce
415 3256 480 3298 ease
494 3231 609 3312 uitium,
626 3230 769 3297 extremis
782 3226 956 3316 reipublicae
970 3231 1118 3317 exemplis
1129 3248 1160 3297 et
1170 3234 1304 3318 Augusti
1318 3234 1457 3302 libidini.
1549 3236 1550 3301 j

315 3348 375 3410 bus
391 3346 505 3409 fuctum
523 3341 709 3423 insanabil03
730 3341 823 3427 igitur
842 3340 1102 3422 dissimulandum,
1122 3341 1256 3429 malique
1271 3348 1455 3429 remedium,
1549 3376 1550 3387 .

313 3456 361 3519 rel
379 3478 418 3519 ex
437 3454 610 3519 austeritate
632 3452 823 3537 Principum,
846 3474 977 3537 quornm
994 3450 1135 3537 exempla
1153 3452 1320 3539 plurimum
1341 3455 1455 3535 voluat,

314 3566 463 3651 lususque
487 3563 624 3643 infamid,
645 3564 832 3649 petendum
861 3561 908 3626 rel
934 3562 1075 3647 tempori,
1099 3564 1191 3649 quod,
1214 3578 1248 3628 nt
1272 3564 1399 3630 virtutes
1425 3567 1456 3631 in

316 3676 397 3757 vitia,
420 3676 462 3741 ita
479 3696 613 3762 qnoque,
635 3675 689 3739 sed
707 3672 785 3752 rard,
808 3671 878 3737 vitia
898 3672 929 3737 in
947 3671 1056 3739 melius
1074 3686 1181 3754 mutat,
1204 3674 1455 3761 permittendum.

316 3788 429 3863 Fateor
449 3782 638 3871 respublicas
658 3783 733 3849 luxu
755 3782 874 3869 perire:
906 3804 997 3869 regna
1018 3808 1141 3872 quoque
1159 3782 1233 3851 luxu
1258 3784 1358 3871 perire
1378 3810 1455 3853 oon-

315 3900 418 3971 tendo.
461 3897 537 3961 Nec·
550 3916 682 3982 unquam
701 3894 799 3959 audivi
814 3893 1012 3977 Babylonica,
1037 3894 1171 3981 Assyria,
1193 3896 1351 3982 AEgyptia,
1374 3896 1453 3963 Par-

316 4009 409 4088 thies,
423 4006 542 4094 aliaque
564 4006 638 4078 luxu
659 4004 893 4071 celebratissima
914 4028 1005 4091 regna
1025 4018 1157 4091 egestae
1180 4006 1314 4094 periisse.
1359 4008 1452 4074 Luxu

317 4129 445 4205 pereunt
472 4116 663 4203 respublicae,
692 4128 844 4181 crescente
871 4115 1058 4182 ambitione:
1094 4116 1168 4182 luxu
1195 4132 1324 4203 pereunt
1350 4142 1451 4203 regan,

316 4228 509 4293 decrescente
526 4228 645 4293 virtute.
687 4224 727 4295 ln
746 4224 906 4312 republicd
924 4225 1013 4292 luxus
1031 4227 1122 4313 erigit
1139 4228 1280 4295 animos:
1305 4228 1337 4295 in
1357 4250 1450 4312 Quo

317 4335 470 4422 deprimit.
515 4338 608 4406 luxu
622 4337 798 4424 reipublice
812 4336 896 4416 civis,
911 4336 1079 4425 equalitate
1092 4339 1197 4420 erud,
1215 4339 1450 4405 dominationem
1550 4356 1551 4367 ¹

315 4446 459 4517 affectat:
480 4448 554 4514 luxu
579 4469 740 4534 regnorum
764 4447 850 4525 civis,
874 4448 981 4513 induti
1005 4448 1185 4536 aequalitate,
1213 4448 1447 4516 damnationem

316 4574 501 4645 emanator.
545 4558 676 4647 Optima
692 4557 874 4647 respublica,
900 4558 930 4625 in
945 4558 1121 4647 quinidius
1133 4552 1303 4627 estluxus:
1325 4582 1445 4646 regnum
