3200 5509
315 542 374 625 itu
675 554 710 623 c.
731 560 1081 623 commumoni
1224 558 1441 629 auom.

315 719 385 793 nus
395 732 505 789 morte
516 714 624 789 amici.
674 720 706 789 Is
719 714 783 788 fuit
797 714 950 817 Lucilius
964 718 1119 813 Longus,
1142 714 1300 787 omnium
1310 713 1360 785 iffi
1373 713 1446 787 tris·

316 818 404 905 tium
420 831 646 927 latorumque
667 831 791 918 socius,
815 854 973 926 unusque
989 829 1009 901 ὲ
1025 828 1236 901 senatoribus
1252 828 1383 901 Rhodii
1397 854 1446 902 se·

317 945 435 1020 cesslls
460 970 585 1019 comes
635 946 697 1034 Itu,
724 968 933 1041 quamquam
956 967 1048 1017 novo
1075 944 1218 1031 homini,
1254 943 1447 1016 censorium

317 1059 446 1146 funus,¹
488 1058 634 1157 effigiem
665 1059 758 1154 apud
787 1055 906 1129 forum
936 1058 1099 1155 Augusti,
1134 1056 1274 1154 publici
1304 1055 1450 1154 pecunii

317 1190 429 1272 patres
469 1175 668 1262 decrevere3
714 1150 806 1268 'apud
837 1197 925 1267 quos
951 1171 1052 1245 etiam
1083 1190 1159 1245 tum
1186 1189 1311 1245 cuncta
1331 1189 1451 1244 uacu-

317 1288 458 1363 bantur:
485 1287 572 1359 adeb
585 1304 624 1359 ut
635 1302 835 1382 procurator
850 1285 944 1358 Asiae
955 1285 1107 1359 Lucilius
1120 1286 1256 1383 Capito,
1271 1304 1452 1359 accusante

317 1399 506 1497 provincii,
530 1424 666 1473 causam
682 1400 819 1487 dixerit,
842 1398 969 1498 magni
984 1426 1065 1473 cum
1079 1400 1333 1473 adsumme
1354 1400 1449 1473 Prin-

319 1514 415 1611 cipis,
440 1522 465 1557 “
481 1538 552 1589 non
580 1539 617 1587 se
629 1517 685 1613 jus
709 1513 772 1585 nisi
800 1513 837 1584 in
867 1511 1013 1602 servitia,
1037 1513 1246 1610 etpecunias
1269 1512 1449 1587 faudbares

319 1634 346 1671 ‘⁴
363 1628 509 1703 dedisse:
537 1627 633 1726 quod
667 1628 695 1701 si
727 1626 797 1699 viru
825 1627 980 1724 praetofis
994 1628 1203 1725 marpisset,
1227 1630 1450 1724 manibusque

320 1750 348 1787 ‘⁸
364 1742 510 1815 militum
531 1766 612 1815 usus
633 1740 736 1829 foret,
751 1758 864 1838 spreta
887 1742 923 1813 in
947 1768 990 1814 eo
1018 1743 1176 1816 mandata
1190 1767 1269 1816 sua:
1295 1743 1450 1815 audirent

320 1862 347 1899 “
363 1855 510 1929 socios.”
552 1857 601 1928 Ita
617 1878 708 1943 reus,
726 1854 864 1951 cognito
873 1855 1024 1953 negotio,
1040 1858 1245 1929 damnatur.²
1271 1858 1332 1929 Ob
1348 1882 1450 1955 quam

319 1967 498 2057 ultionem,
522 1985 557 2041 et
581 1968 660 2065 quia
683 1968 796 2064 priore
811 1993 901 2043 anno
926 1968 963 2041 in
989 1974 1033 2043 C.
1049 1970 1219 2045 Silanum‘
1242 1973 1451 2047 vindicatum

319 2100 405 2171 erat,
430 2084 611 2156 decrevere
639 2082 732 2155 Asiae
749 2084 851 2155 urbes
875 2090 902 2126 “
917 2084 1086 2180 templum
1100 2086 1261 2159 Tiberio*
1283 2088 1451 2184 matrique

320 2204 347 2242 ‘⁴
363 2202 447 2298 ejus,
471 2222 510 2271 ac
535 2198 702 2273 senatui.”
752 2198 798 2269 Et
821 2197 1025 2293 permissum
1035 2215 1201 2273 statuere:
1226 2202 1366 2300 egitque
1380 2204 1451 2275 Ne·

320 2317 380 2385 ro⁵
405 2330 516 2411 grates
542 2312 583 2385 ed
609 2310 709 2385 causi
725 2312 877 2409 patribus
888 2329 990 2409 atque
1000 2338 1079 2402 auo,
1103 2314 1198 2387 laetas
1207 2314 1301 2389 inter‘
1314 2316 1452 2389 audien

319 2424 407 2499 tium
432 2424 650 2515 adfectiones,
676 2427 748 2525 qui,
772 2427 900 2500 recenti
924 2428 1090 2500 memorii
1117 2430 1330 2520 Germanici,
1353 2432 1452 2505 illum

320 2540 436 2637 aspici,
448 2540 546 2612 illum
559 2540 666 2613 audiri
682 2542 862 2614 rebantur:
878 2542 1208 2640 aderantquejuveni
1219 2545 1397 2635 modestia,
1413 2573 1452 2620 ac

321 2650 444 2741 forma,
469 2653 619 2749 principe
647 2654 720 2727 viro
737 2655 852 2755 digna,
876 2657 968 2730 notis
989 2657 1026 2730 in
1053 2682 1133 2731 eum
1154 2658 1267 2759 Sejani
1282 2659 1381 2748 odiis,
1407 2662 1451 2734 ob

321 2763 513 2863 periculum
528 2767 685 2865 gratiora.

375 2985 431 3049 16.
458 2979 534 3051 Sus
550 2977 642 3051 idem
658 2996 791 3077 tempus
816 2984 897 3054 “de
913 2980 1048 3059 flunine
1063 2984 1168 3074 Diali,
1191 2983 1228 3059 iu
1243 2986 1362 3061 locum
1377 2991 1454 3063 Ser·

322 3096 350 3135 “
366 3089 411 3162 vii
437 3090 699 3191 Maluginensis⁶
722 3093 874 3184 defuncti
894 3098 1053 3195 legendo,
1077 3101 1177 3173 simul
1194 3103 1350 3200 rogandi
1364 3104 1454 3179 novi

323 3210 350 3246 “
368 3204 482 3302 lege,”
508 3202 663 3279 disseruit
674 3210 801 3281 Caesar.
852 3212 987 3283 “Nam
999 3214 1155 3308 patricios
1170 3214 1390 3292 confarreatis
1397 3244 1453 3317 pe·

323 3319 535 3397 “rentibus⁷
560 3322 704 3421 genitos,
729 3340 798 3399 tres
827 3322 930 3399 sirum
956 3327 1137 3418 nominari,
1160 3352 1206 3402 ex
1237 3332 1336 3427 queis
1367 3357 1454 3408 unus

353 3511 364 3541 ¹
377 3513 534 3574 Censorium
533 3516 636 3595 sunus.
656 3518 690 3577 ld
702 3528 752 3591 est,
766 3521 859 3599 quale,
917 3523 1022 3584 Annei.
1035 3542 1087 3584 111.
1096 3523 1136 3583 66
1147 3536 1245 3605 etseq.

324 3597 778 3667 ceruorumortuo,celebrsbatur.
791 3601 862 3659 Pur·
954 3599 1128 3681 ‘Templum
1149 3606 1268 3665 Tiberio.
1319 3609 1366 3667 De
1399 3609 1450 3670 boc

323 3690 442 3749 pureum
461 3684 563 3733 vestem
583 3676 667 3735 luisse
684 3678 799 3736 censorii
818 3681 862 3737 fu·
917 3684 1022 3759 templo
1042 3684 1128 3761 pluru
1149 3685 1281 3745 dicentur
1302 3688 1376 3747 infru
1391 3710 1451 3769 cap.

323 3753 397 3811 ueris
419 3753 525 3830 insigne
546 3755 629 3814 docet
654 3756 797 3835 Polybius,
818 3777 861 3818 vt.
915 3765 952 3818 55
965 3758 1052 3821 etsd.

323 3836 435 3909 p.495.
477 3834 863 3903 Quemadmodbrucensoriu
956 3836 1078 3900 ’Nero
1111 3841 1279 3903 Liberorum
1292 3846 1453 3907 Genuanici

324 3912 583 3987 dignitssomuium
595 3915 731 3985 maxima,
740 3917 781 3974 itu
793 3936 863 3992 quo·
917 3927 987 3976 nutu
1000 3921 1150 3983 maximus.

324 4010 382 4067 que
406 3992 536 4051 funerum
557 3994 862 4069 magnificentissimum
956 3990 1307 4079 ‘'Seruiillfuluginensir.
1349 4004 1452 4065 Deillo

325 4069 558 4129 luitconsorium.
600 4073 863 4147 llloviriillustrcs,
915 4096 1004 4188 supra
1017 4078 1122 4135 Annsl.
1134 4096 1184 4137 111.
1197 4087 1234 4139 58
1247 4096 1276 4142 et
1287 4090 1338 4151 71.

324 4148 436 4225 ipsique
445 4150 626 4227 imperatores
638 4150 864 4214 celebrabuntur.
985 4156 1176 4236 Corffurreutis
1190 4166 1363 4237 pareatibus.
1403 4166 1453 4223 Pu·

325 4226 402 4285 Vide
417 4228 643 4287 Kirchmunnum
659 4232 864 4306 delusoribus,
918 4237 1043 4294 rentibus
1055 4238 1277 4299 confarreatione
1297 4246 1452 4319 conjunctis

325 4323 349 4366 1.
363 4313 392 4364 4.
408 4306 566 4365 Meursium
581 4308 615 4365 de
626 4310 730 4382 funere,
745 4330 815 4371 xvr.
918 4316 1033 4391 genitos.
1067 4317 1105 4374 Iu
1116 4320 1205 4377 sacris
1217 4320 1289 4379 nibil
1301 4323 1453 4399 religiosius

366 4382 380 4411 ²
413 4386 583 4447 namnam.
629 4389 667 4447 Et
691 4390 719 4446 in
744 4392 865 4450 exilium
920 4394 1150 4473 confarreationis
1167 4398 1276 4460 circulo
1290 4410 1362 4473 erut,
1378 4399 1454 4461 Plin.

325 4466 460 4536 mittitur,
498 4478 531 4523 ut
561 4468 644 4525 docet
685 4470 754 4541 Dio,
785 4490 865 4531 nvn.
922 4481 1062 4534 nnus.
1097 4476 1157 4533 Usu
1169 4476 1297 4553 quidem,
1308 4480 1452 4539 velcoem·

326 4562 357 4621 p.
378 4541 448 4601 618.
920 4554 995 4610 tione
1026 4556 1127 4613 initum
1160 4558 1389 4617 matrimonium:
1423 4577 1453 4620 ss

329 4624 333 4631 '
368 4619 437 4689 ³11³
449 4622 482 4685 C.
493 4622 626 4685 Silanum.
656 4624 867 4712 Duillosuprn
920 4632 993 4693 illud
1007 4652 1097 4695 :mutu
1117 4635 1195 4721 apud
1217 4635 1360 4699 Romanos
1377 4657 1456 4703 sams
