3200 5509
145 512 224 576 rc.
235 519 281 576 15.
444 506 669 567 auurrrurr
689 506 811 565 rrnnrr
832 485 993 567 rnrrrus.
1243 508 1281 571 65

151 666 411 747 unetvicesima
436 664 473 737 in
504 662 652 753 larum:
688 660 832 757 primani
853 662 1049 735 ducendum
1070 662 1113 735 ad
1134 686 1281 762 agmen:

150 779 802 859 vicesimanusadvesumsecuturos.
907 844 909 851 Α

203 1022 270 1087 65.’
285 1014 378 1085 Nox
395 1036 458 1108 per
472 1010 604 1083 diversa
617 1008 770 1105 inquies:
796 1008 881 1079 crim
906 1006 1038 1079 barbari
1054 1004 1146 1081 festis
1162 1006 1282 1104 epulis,

149 1124 232 1201 lano
247 1144 362 1217 tantu,
376 1144 435 1199 aut
450 1124 538 1197 truci
559 1146 683 1197 sonore
698 1124 848 1219 subjecta
868 1120 1006 1193 vallium
1022 1146 1061 1193 ac
1085 1122 1284 1195 resultantes
1409 1197 1413 1217 ¹

148 1242 256 1315 saltus
291 1242 524 1337 complerent:
566 1238 658 1333 apud
688 1237 864 1307 Romanos
890 1234 1025 1307 invalidi
1049 1235 1158 1332 ignes,
1183 1236 1286 1309 inter·

140 1372 262 1452 rupta
278 1360 405 1443 voces,¹
420 1354 522 1449 atque
545 1354 608 1447 ipsi
623 1350 747 1447 passim
761 1352 952 1447 adjacerent
968 1350 1071 1437 vallo,
1087 1351 1285 1423 oberrarent

148 1469 317 1555 tmrtoriis,
330 1470 501 1541 insomnes
512 1466 627 1563 magis
639 1464 745 1560 quim
761 1463 950 1560 pervigiles.
1000 1466 1207 1559 Ducemque
1219 1480 1285 1535 ter·

148 1584 220 1655 ruit
232 1584 307 1655 dira
321 1581 437 1679 quim:
462 1604 542 1653 nam
559 1579 784 1675 Quinctilium
796 1580 928 1649 Varum
943 1579 1105 1675 sanguine
1126 1578 1284 1670 oblitum,

149 1713 187 1769 et
200 1696 382 1792 paludibus
393 1696 578 1783 emersum,
602 1718 742 1767 cernere
754 1709 788 1765 et
804 1692 920 1765 audire
932 1692 1023 1764 visus
1038 1710 1101 1780 est,
1116 1693 1210 1765 velut
1225 1720 1284 1767 ro-

149 1827 298 1899 cantem,
312 1832 384 1883 non
398 1827 514 1882 tamen
529 1811 724 1895 obsecras,
738 1824 774 1879 et
794 1830 934 1879 manum
960 1806 1163 1881 intendentis
1185 1832 1285 1905 repu-

142 1926 238 1998 lisse
291 1924 416 2019 Coepti
433 1924 524 2013 luce,
545 1922 656 1995 mise
671 1921 707 1992 in
732 1921 838 1993 latera
852 1920 1002 2019 legiones
1020 1938 1128 2010 metu,
1143 1946 1188 1995 an
1204 1946 1285 1997 con·

148 2037 311 2127 tumacii,
326 2039 444 2111 locum
458 2038 659 2111 deseruere:
685 2053 785 2132 capto
800 2034 946 2131 properd
957 2058 1096 2132 carpo,
1113 2038 1286 2111 humentia

150 2153 250 2225 ultra
299 2154 425 2249 Neque
441 2170 555 2225 tamen
576 2150 766 2237 Arminius,
788 2174 995 2245 quamquam
1012 2150 1117 2223 libero
1133 2151 1285 2242 incursu,

145 2268 265 2341 statim
278 2266 449 2363 prorupit:
478 2266 539 2337 sed
550 2281 589 2337 ut
600 2265 730 2337 haere
741 2288 842 2337 coeno
857 2260 1022 2361 sordeque
1033 2265 1285 2361 impedimenta,

146 2380 278 2455 turbati
293 2379 430 2453 circum
442 2378 577 2467 milites,
588 2377 736 2451 incertus
751 2378 927 2476 signorum
942 2378 1042 2466 ordo,
1059 2395 1165 2477 utque
1176 2382 1234 2453 tali
1249 2381 1286 2455 irr

146 2514 307 2591 tempore
321 2493 384 2567 n'bl
411 2494 556 2591 quisque
571 2517 749 2589 properus,
772 2508 807 2564 et
822 2492 923 2565 lentae
937 2493 1121 2568 adversum
1145 2496 1286 2591 imperia

148 2608 476 2705 minumpere
505 2611 699 2682 Germanos
710 2609 820 2705 jubet,
836 2606 1021 2696 clamitans,
1047 2616 1071 2651 “
1088 2610 1144 2683 En
1160 2613 1284 2700 Varus,

145 2734 177 2795 .“
194 2742 229 2797 et
250 2722 373 2818 eodem
396 2724 522 2797 iterum
545 2720 615 2795 sato
640 2721 740 2795 victae
764 2722 914 2819 legiones
924 2723 958 2796 !''
990 2722 1098 2796 Slrnul
1127 2726 1223 2799 lraec:
1250 2742 1284 2799 et

149 2864 234 2924 curn
248 2838 387 2913 delectis
412 2836 533 2911 scindit
559 2860 698 2935 agmen,
724 2836 894 2933 equisque
914 2836 1062 2910 maximi
1079 2841 1220 2913 vulnera
1234 2842 1286 2913 in.

141 2954 263 3053 gerit:
285 2953 337 3025 illi
350 2951 515 3051 sanguine
529 2976 607 3041 suo,
623 2970 657 3024 et
681 2951 814 3024 lubrico
839 2950 1004 3047 paludum
1029 2954 1206 3049 lapsantes,
1225 2980 1286 3029 ex.

150 3068 258 3144 curris
272 3068 462 3141 rectoribus
486 3065 638 3164 disjicere
662 3064 794 3153 obvios,
820 3060 992 3160 proterere
1015 3068 1185 3164 jacentes:
1210 3071 1286 3165 plu·

148 3184 261 3261 rimus
276 3183 365 3257 eirca
380 3182 507 3279 aquilas
532 3183 641 3270 labor,
666 3204 745 3277 quae
770 3203 882 3277 neque
908 3181 1091 3253 adversum
1116 3180 1221 3255 ferri¹
1236 3186 1287 3257 in·

138 3298 310 3398 gruentia
333 3298 413 3385 tela,
433 3320 546 3392 neque
571 3296 631 3394 figi
653 3294 774 3367 limosi
798 3296 906 3367 humo
931 3311 1096 3391 poterant.
1148 3300 1287 3373 Caecina

150 3415 241 3487 drurr
255 3427 418 3495 sustentat
444 3410 566 3496 aciem,
581 3408 727 3481 suffosso
743 3432 833 3504 equo
862 3408 1018 3503 delapsus
1045 3411 1286 3486 circumvenie-

149 3530 267 3613 batur,
282 3525 319 3597 ni
333 3524 443 3621 prima
457 3522 547 3621 legio
568 3548 641 3595 sese
656 3523 885 3619 opposuisset:
908 3524 995 3621 juvit
1020 3516 1168 3599 hostiurn
1184 3528 1287 3603 avidi·

149 3662 218 3729 tas,
233 3638 359 3712 omissi
375 3640 482 3728 caede,
502 3639 654 3735 praedam
678 3638 877 3712 sectantium
888 3665 899 3727 3
926 3638 1095 3737 emsaeque
1123 3641 1287 3740 legiones,

150 3771 408 3851 vesperascente
423 3752 491 3842 dic,
506 3753 542 3825 in
563 3769 679 3850 aperta
694 3770 728 3825 et
746 3752 873 3825 solida:
900 3776 1012 3849 neque
1026 3754 1055 3827 is
1077 3754 1288 3831 miseriarum

149 3869 254 3942 linis:
279 3868 481 3940 struendum
495 3868 636 3957 vallum,
664 3870 831 3965 petendus
854 3892 979 3965 agger:
1005 3868 1144 3942 amissa³
1161 3873 1286 3971 magni

151 4008 201 4056 ex
216 4000 325 4079 parte,
340 4006 403 4077 per
428 4007 506 4078 quae
533 3984 682 4081 egeritur
706 3984 845 4072 humus,
874 3997 931 4055 aut
957 3982 1123 4057 exciditur
1148 4010 1284 4085 cespes:

150 4121 227 4171 non
237 4096 382 4170 tentoria
396 4098 588 4194 manipulis,
602 4122 673 4172 non
688 4096 840 4173 fomenta
851 4096 990 4171 sauciis:
1015 4096 1158 4175 inlectos
1185 4124 1289 4176 coeno

153 4247 268 4323 quinta,
281 4248 373 4308 versus
384 4247 527 4306 meridiem
540 4246 612 4325 legio
625 4268 694 4307 urra-
788 4244 802 4272 ²
815 4246 970 4307 Adversum
979 4246 1072 4329 ferri.
1111 4250 1186 4321 Qure
1197 4271 1289 4329 neque

154 4326 468 4400 etvicesima,rlemaia
481 4329 561 4406 body.
751 4328 816 4385 ferri
836 4328 982 4387 adversim
995 4328 1289 4406 ingruentiatclmo-

751 4427 807 4485 que
819 4407 865 4485 figi
878 4408 977 4467 limosi
988 4409 1076 4469 humo
1090 4420 1229 4487 poterant.

199 4482 397 4563 'Interruptae
416 4508 504 4549 nocer.
545 4486 619 4548 Vide
639 4488 697 4545 Xo-
791 4480 936 4547 ³Amtna.
976 4490 1289 4569 Amissaernntrnsgrd

151 4564 248 4643 noph.
265 4568 362 4627 'Anab.
386 4586 437 4633 nr.
455 4575 519 4628 1.3.
560 4568 647 4627 Hom.
660 4566 698 4627 ll.
752 4586 790 4626 cx
801 4578 881 4645 purte
890 4568 1083 4639 instrumenta,
1090 4566 1141 4647 per
1150 4590 1216 4649 quae
1229 4592 1291 4647 ege·

156 4656 194 4703 x.
212 4654 259 4703 ll.
754 4648 826 4706 ritur
838 4644 949 4721 tumus,
961 4656 1012 4707 out
1025 4652 1168 4710 exciditur
1179 4670 1283 4728 cuspis.

210 4718 299 4799 voni
317 4746 341 4799 r.
1027 4750 1047 4799 e
