3200 5509
289 175 348 235 Al)
370 169 1014 234 Lre.1v.ANN.C.coRN.‘rAc1T1.
1159 180 1217 234 511

82 325 236 415 equitibus
250 323 416 411 legionum,
438 338 473 390 ut
486 335 571 410 patet
594 345 632 387 ex
646 323 707 387 hoc
719 321 822 386 Taciti
833 322 916 404 loco,
937 335 1020 389 etex
1038 324 1139 405 livio,
1160 348 1222 392 χι.

84 446 138 504 40.
160 436 212 522 qui
234 435 414 522 legionarios
436 434 547 523 equites
571 444 603 496 et
621 431 736 499 ulurios
756 433 867 519 equites
890 447 1050 514 memorat,
1080 434 1223 523 ipsosque

83 545 277 630 legionarios,
300 543 456 609 Romanor
469 543 582 631 equites
592 541 736 626 appellat.
759 541 825 606 Eos
839 541 962 627 quidem
973 542 1065 608 fuisse
1077 547 1224 631 equestris

85 654 198 720 ordinis
220 651 343 719 minimi
366 652 512 733 dixerim3
533 664 565 715 at
587 650 668 716 cives
691 651 849 716 Romanos
873 674 939 715 esse
963 651 1112 718 existimo.
1158 653 1223 721 Diu

86 763 211 851 quidem
231 762 370 848 legiones
386 761 539 850 equitibus
563 782 706 842 caruere3
738 763 791 824 sed
815 760 932 845 posted,
947 764 1091 847 proprios
1115 775 1143 827 et
1165 764 1225 829 sibi

86 873 195 939 insitus
207 873 318 960 equites
331 871 524 959 legionarios,
545 869 650 934 iisdem
663 869 835 935 matriculi}
849 883 980 949 tenuere,
1002 871 1111 956 Veget.
1128 894 1167 937 11.
1186 865 1224 938 ’2.

89 981 163 1047 Nec
191 980 358 1068 probabilis
383 979 499 1045 videtur
524 977 573 1043 Cl.
604 979 725 1043 Ernesti
754 979 910 1060 sententia,
945 979 1008 1044 istis
1036 982 1225 1066 temporibus

89 1088 258 1178 equitatum
272 1111 394 1155 omnem
409 1086 427 1151 ἐ
441 1087 531 1153 sociis
544 1088 724 1153 constitisse.

135 1302 225 1368 Cer.
239 1310 291 1375 74.
314 1301 458 1391 Degressi
470 1314 551 1368 sunt.
594 1302 644 1369 Ita
658 1304 807 1368 Ernestus
822 1315 854 1368 et
868 1301 1057 1368 recentiores.
1102 1301 1226 1368 Beroal-

93 1414 149 1478 dus
162 1413 234 1477 verd
248 1425 280 1477 et
294 1426 419 1492 veteres,
441 1413 566 1499 digressi
577 1425 656 1478 sunt.
700 1413 837 1499 Digredi
850 1427 895 1477 est
907 1410 1041 1499 proprii,
1063 1419 1083 1452 “
1092 1413 1227 1480 aliumin

93 1523 198 1587 locum
212 1522 322 1588 abire.''
347 1523 424 1586 Vide
437 1544 530 1608 supra
542 1545 611 1606 cup.
625 1532 678 1596 49.
744 1561 746 1567 ·
769 1559 771 1564 ,

137 1633 245 1697 Donec
258 1632 348 1721 idque
361 1633 498 1701 uetitum.
542 1630 645 1712 Forte,
667 1631 702 1696 id
713 1652 840 1718 ursoque.
