3200 5509
301 556 362 612 800
671 550 707 606 C.
721 545 917 606 CORNELII
938 543 1074 604 TACl'l'l
1218 546 1257 602 A.
1271 544 1310 604 13.
1324 542 1358 600 C·
1370 547 1439 608 782.

301 700 483 803 profugus,
508 725 591 798 pace
616 699 705 772 inter
728 703 810 773 Sex.
827 699 1030 796 Pompeium
1052 723 1091 772 ac
1116 697 1314 774 triumviros
1329 698 1438 797 pacti,

301 819 338 890 in
354 819 490 890 Urbem
505 815 615 888 rediit.
663 815 756 888 Exin
773 818 904 904 Caesar,
921 815 1078 912 cupidine
1095 811 1230 905 fomtae,
1246 813 1362 888 aubert
1373 839 1440 888 ma·

302 933 394 1019 rito,¹
411 930 580 1003 incertum
601 951 646 1002 an
656 928 913 1017 triviam-adeo
926 953 1109 1026 properus,
1135 946 1173 1002 ut
1188 953 1232 1002 ne
1247 929 1359 1027 spatio
1371 929 1442 1028 qui·

303 1047 383 1118 dem
399 1045 442 1117 ad
455 1044 652 1117 enitendum
667 1042 759 1130 dato,
781 1042 958 1138 penatibus
974 1043 1043 1115 suis
1064 1043 1239 1142 gravidam
1254 1043 1441 1117 induxerit.

303 1159 446 1236 Nullam
462 1155 604 1256 posthac
616 1157 773 1232 subolem
785 1155 910 1231 edidit:
924 1158 1008 1231 ‘sed
1023 1157 1366 1258 sanguiniAugusti³
1384 1181 1444 1256 per

304 1272 580 1372 conjunctionem
595 1269 797 1370 Agrippinae
814 1288 847 1345 et
865 1269 1062 1348 Gennaniei
1078 1274 1225 1362 adnexa,
1240 1297 1445 1348 communes

303 1403 508 1486 pronepotes
524 1385 662 1460 habuit:
688 1386 860 1460 sanctitate
877 1387 1028 1462 domem
1052 1387 1203 1484 priscum
1227 1388 1271 1460 ad
1293 1411 1442 1476 morem,

303 1500 412 1574 comis
426 1501 517 1572 ultra
531 1500 638 1598 quim
653 1501 797 1600 antiquis
814 1499 962 1602 loeniids
983 1505 1180 1600 probatum,
1204 1519 1314 1576 mater
1335 1500 1444 1600 impo-

303 1633 391 1704 tens,
420 1640 511 1687 uxor
535 1613 656 1706 fadlis,
683 1633 718 1688 et
739 1641 821 1689 cum
845 1617 973 1690 artabus
992 1615 1115 1704 mariti,
1139 1615 1355 1690 simulatione
1371 1614 1444 1704 filii,

305 1728 395 1802 bene
413 1730 609 1826 composita
659 1733 777 1804 Funus
806 1734 878 1830 ejus
902 1730 1103 1820 modicum:
1124 1747 1366 1804 testamentum
1386 1729 1444 1802 diu

305 1842 444 1915 inritum
460 1842 546 1917 fuit:
573 1845 708 1918 laudata
733 1861 784 1918 est
807 1867 871 1942 pro
894 1847 1014 1924 roseis
1035 1840 1305 1920 ensem&
1321 1868 1444 1944 prone-

305 1974 399 2056 pote,
415 1956 475 2056 qui
491 1983 576 2034 mox
591 1984 709 2034 rerum
724 1961 851 2058 potitus
868 1979 930 2036 est.

307 2189 400 2266 rugia,
411 2191 552 2247 obsessum
569 2191 599 2247 in
613 2189 784 2248 deditionem
796 2209 847 2250 ac·
901 2191 932 2250 ni
951 2189 1084 2268 Augusti,
1104 2197 1133 2248 et
1154 2208 1320 2247 communes
1346 2207 1445 2266 prone-
1568 2213 1569 2220 ¹

307 2270 384 2344 cepit
409 2269 558 2328 Octauius.
605 2269 735 2328 Tiberius
760 2272 847 2342 Nera,
902 2271 1104 2348 poteslmbuit.

307 2349 426 2406 Antonii
440 2360 531 2426 partes
542 2363 665 2419 secutus,
681 2351 806 2438 profugit
818 2350 847 2407 in
941 2349 1125 2410 *Sanctitate
1139 2347 1245 2408 domis.
1265 2349 1339 2406 llaec
1358 2347 1447 2438 breri-

308 2427 453 2486 Siciliam:
488 2428 561 2496 dein,
590 2442 660 2506 pace
683 2443 756 2486 anter
780 2431 848 2488 Sex.
903 2439 953 2502 ter,
966 2431 1013 2487 sed
1027 2428 1229 2505 elegantissime
1243 2440 1272 2486 et
1291 2437 1448 2486 accuratas·

308 2508 476 2583 Pompeium
494 2508 692 2566 ettriumairos
705 2507 799 2586 pacti,
819 2510 847 2566 in
901 2509 971 2568 sime
990 2510 1079 2568 dicta.
1119 2509 1298 2578 Quibusdam
1312 2509 1448 2584 interpre·

309 2587 415 2644 Urbem
427 2587 519 2644 rediit.
559 2588 667 2664 Fugam
681 2588 847 2646 Liviaecum
903 2589 979 2648 tibus
999 2591 1121 2650 obscura
1139 2586 1279 2660 videntur,
1302 2603 1368 2660 suo;
1392 2603 1447 2644 noa

308 2665 428 2740 'conjugo
457 2679 510 2722 sno
542 2665 682 2740 eleganter
715 2667 849 2725 describit
903 2669 1046 2748 scriptoris
1058 2667 1136 2725 vitio.
1170 2667 1282 2725 Etenim
1296 2665 1446 2724 Liviat'nit

306 2744 446 2813 Velleius,
457 2743 514 2802 loc.
522 2746 571 2803 cit.
581 2745 777 2825 hiesum
788 2762 850 2805 moe
892 2751 1052 2808 eandtittto
1060 2761 1179 2805 ‘merum
1186 2761 1191 2770 ·
1198 2747 1447 2824 ρι”ιωιπιάπιοο

308 2824 400 2888 betrui
418 2823 462 2882 mi
480 2822 597 2884 Cetaria
610 2844 698 2894 ormo,
717 2831 797 2912 cujus
810 2827 850 2884 bi·
904 2847 972 2900 rem,
997 2829 1084 2888 comis
1110 2827 1185 2886 ultra
1209 2828 1299 2904 quiam
1322 2826 1446 2904 antiquis

308 2923 377 2960 metm
392 2903 461 2959 bunc
476 2899 613 2961 Tiberium
628 2903 771 2975 Cererem,
790 2905 850 2964 oiu-
902 2909 986 2969 etiam
996 2906 1114 2965 lerninis
1125 2907 1288 2984 probatum,
1296 2917 1388 2963 mater
1397 2903 1447 2964 im·

305 2983 394 3040 dicon
406 2982 523 3039 ibenium
535 2983 651 3060 imperii,
664 2984 851 3062 Jutttrump'ue
904 2996 1102 3068 potenn'tntob
1110 2987 1211 3055 laoilis,
1222 2999 1318 3064 *atque
1330 2983 1448 3044 meare

307 3063 428 3140 quidm
461 3059 579 3120 &esuris
600 3065 707 3139 filicem,
736 3073 851 3141 gestant
903 3069 1064 3146 composita
1084 3085 1152 3128 cuna
1172 3067 1283 3126 artibus
1302 3065 1401 3126 mariti
1419 3077 1446 3124 et

309 3140 381 3211 sinn,
387 3161 438 3218 per
448 3141 512 3199 unio
522 3141 659 3210 itinerum,
673 3143 769 3201 citatis
780 3143 851 3202 mili-
904 3169 971 3206 cum
984 3147 1205 3205 dissimulatione
1218 3144 1279 3204 lilii.
1311 3143 1446 3204 Facilitas

308 3231 366 3278 tum
390 3221 503 3298 gladiis,
533 3242 587 3279 tino
611 3223 766 3292 comitante,
796 3243 851 3326 pue
905 3227 1001 3285 uxoris
1024 3227 1060 3286 ad
1093 3227 1183 3284 varias
1216 3225 1446 3306 multiplicesque

308 3297 420 3362 incilicia
433 3301 623 3360 occultaretur
625 3303 713 3380 suga,
722 3304 851 3380 peremit
904 3321 986 3378 ants,
1012 3307 1115 3384 quibus
1147 3305 1265 3364 inantus
1298 3309 1445 3383 Augustus

309 3379 348 3436 ad
367 3399 450 3448 mere,
469 3390 497 3439 et
515 3401 575 3439 cum
587 3383 649 3440 ciro
662 3383 776 3442 Nerone
786 3404 851 3464 per·
905 3386 1055 3464 imperium
1068 3385 1191 3444 obtinuit
1203 3405 1237 3443 ac
1252 3385 1381 3456 retinuit,
1401 3404 1445 3442 vo·

309 3467 389 3522 meta
403 3459 431 3521 in
445 3459 568 3522 Siciliam
580 3469 631 3522 est.
905 3465 1096 3544 luptannsque
1107 3483 1172 3522 suas
1182 3465 1313 3523 libidines
1325 3465 1445 3532 obtexit,

903 3545 1017 3604 solerter
1040 3565 1069 3602 se
1091 3545 1230 3603 flectebat.
1276 3545 1446 3621 impotentia
1569 3611 1570 3616 η

904 3627 1011 3697 matris,
1029 3644 1093 3702 qnae
1112 3625 1310 3683 dominationis
1328 3625 1445 3684 societa-

350 3691 603 3777 ¹Adfertmerltn
629 3700 714 3761 A.U.
726 3703 760 3761 C.
781 3699 851 3769 716.
904 3715 959 3764 tem
981 3705 1140 3774 affectabat,
1165 3703 1271 3782 egregie
1291 3705 1444 3762 concorda·

305 3774 385 3834 Vide
399 3777 598 3850 Dionem,loc.
611 3781 660 3838 eit.
905 3785 953 3843 bat
975 3803 1041 3842 cum
1067 3783 1286 3844 dissimulatione
1312 3783 1375 3856 tilii,
1397 3781 1443 3860 qui

362 3853 377 3882 ²
401 3855 525 3916 Subolem
549 3859 646 3918 edidit.
678 3861 794 3920 Sumen.
822 3861 851 3920 in
905 3865 997 3922 minus
1029 3864 1205 3942 imperiosam
1244 3875 1364 3924 matrem
1396 3873 1444 3924 aut

308 3936 386 4012 Aug.
400 3953 498 3994 nx111.
538 3937 679 3998 ExLicid
696 3943 767 4000 nibil
786 3943 851 4000 libe·
905 3943 1318 4020 arnovissenuutpenlidisaet:
1341 3943 1444 4001 itaim·

309 4033 402 4079 rorum
416 4016 483 4074 tulit
497 4019 653 4093 Augustus,
665 4021 726 4078 edm
738 4021 851 4080 nmeimi
905 4035 1055 4100 potentem,
1063 4037 1091 4080 et
1101 4023 1319 4084 dominationem
1332 4023 1386 4081 tilii
1398 4023 1443 4079 do·

309 4105 431 4170 cuperet.
490 4095 601 4175 Infans,
632 4102 679 4178 qui
706 4109 851 4177 conceptus
905 4123 1076 4162 numanum
1097 4122 1205 4182 semper
1218 4105 1443 4183 exprobrantem,

309 4181 374 4232 ‘erat
397 4175 549 4252 antequam
574 4197 692 4238 uxorem
724 4182 851 4254 duceret,
904 4201 1068 4262 semperque
1105 4196 1305 4262 reposcentem,
1341 4183 1444 4241 invitus

308 4251 471 4313 immaturus
484 4256 637 4316 eatcditue.
905 4261 983 4334 ticet,
1008 4263 1155 4322 tolerabat.
1195 4263 1242 4321 Da
1258 4265 1368 4322 artibus
1385 4265 1443 4320 Au·

349 4327 362 4362 ³
382 4331 519 4410 Suognini
538 4337 671 4415 Augusti.
691 4339 850 4418 Agrippina
904 4341 978 4420 gusti
990 4343 1053 4401 vide
1072 4354 1131 4402 not.
1143 4351 1172 4400 et
1183 4345 1291 4402 emend.
1312 4343 1350 4400 ad
1368 4345 1443 4404 Arm.

306 4418 385 4469 'texor
404 4411 578 4486 Germanici,
598 4418 687 4494 neptia
708 4429 768 4477 erat
788 4425 851 4477 Au·
906 4439 936 4478 v.
960 4431 985 4480 1.

307 4493 400 4568 gusti;
423 4494 619 4568 Germanicus,
644 4517 729 4575 nepos
753 4499 850 4558 liviae.
955 4500 966 4535 ⁵
993 4501 1087 4561 Furius
1113 4508 1172 4580 q'ua
1197 4505 1340 4565 modicum,
1369 4501 1442 4561 Vide

309 4570 365 4630 Per
388 4574 614 4650 conjunctionem
638 4579 800 4654 Agrippinae
822 4593 850 4640 ct
905 4591 963 4642 not.
976 4593 1005 4640 et
1017 4583 1126 4641 emend.
1139 4583 1175 4642 ad
1189 4585 1264 4643 Ann.
1280 4603 1309 4640 v.
1325 4591 1352 4642 l.

306 4649 590 4722 Gnmaniciuduent
600 4665 641 4715 est
651 4657 850 4737 litiasangui·
943 4655 957 4690 ⁶
969 4659 1002 4724 C.
1016 4661 1133 4724 Cursore.
1154 4665 1243 4724 Dicto
1255 4661 1397 4743 Caligulb.
