3200 5509
212 544 242 609 ii
254 551 288 609 C.
305 550 351 607 14.
503 532 727 602 iuuenum
747 542 868 601 LIBER
888 544 1049 606 PRIMUS.
1298 548 1336 609 w

210 699 392 799 aspernari.
440 696 517 773 Nec
530 699 638 771 multo
657 698 748 795 post,
764 696 1009 795 digredientem
1023 718 1103 769 cum
1115 698 1274 785 caesne:
1296 722 1336 771 ac

210 817 350 914 provisu
358 814 498 912 periculi
512 814 652 887 hiberna
663 831 770 886 castra
781 830 1001 909 repetentem,
1013 812 1272 899 circumsisttmt,
1285 832 1340 883 ro·

210 931 368 1029 girantes,
396 935 421 1016 ‘f
437 928 509 1024 qud
530 926 710 1025 pergeret?
734 927 777 999 ad
798 926 1048 1022 imperatorem,
1070 926 1165 1002 anad
1180 924 1341 1021 patresi²

214 1051 240 1087 “
257 1062 296 1117 ut
309 1044 376 1115 illic
392 1066 530 1139 quoque
546 1040 734 1115 commodis
749 1038 922 1137 legionum
937 1039 1169 1113 adversaretur
1180 1038 1217 1113 ?'’
1238 1039 1339 1111 simul

213 1156 389 1255 ingruunt,
414 1180 496 1227 saxa
516 1155 665 1253 jaciunt:
687 1157 825 1252 jamque
851 1153 979 1249 lapidis
1002 1154 1084 1225 ictu
1100 1170 1273 1241 emeritus,
1305 1170 1339 1223 et

212 1270 305 1347 exitii
320 1287 445 1357 certus,
469 1270 615 1343 adcursu
641 1266 876 1355 multitudinis,
902 1292 979 1364 quae
997 1291 1078 1339 cum
1104 1268 1220 1339 Druso
1240 1266 1340 1339 adve-

213 1401 321 1472 nerat,
337 1399 509 1479 prosimu
525 1399 585 1454 est.

264 1625 322 1685 28.
347 1603 524 1699 Nocrnn.
543 1612 722 1701 minacem,
737 1630 772 1685 et
795 1605 831 1685 in
847 1608 955 1715 scelus¹
981 1628 1190 1709 erupturam,
1206 1604 1278 1683 fors
1293 1612 1342 1695 le-¹

214 1726 317 1799 nivit:
343 1750 422 1799 nam
439 1727 519 1799 luna
534 1728 626 1799 claro
642 1728 781 1825 repente
800 1729 890 1801 coelo
920 1728 988 1799 visa
1010 1728 1248 1825 languescere.³
1298 1723 1339 1797 ld

214 1839 323 1929 utiles,
348 1840 484 1913 rationis
508 1841 659 1939 igmrus,
681 1867 797 1915 omen*
809 1843 1025 1939 praes'entium
1050 1842 1189 1937 accepit,
1205 1864 1244 1913 ac
1271 1838 1339 1911 suis

214 1954 384 2027 laboribus
399 1952 623 2029 defectionem
631 1956 748 2029 sideris
756 1957 972 2043 adsimulem,
989 1954 1254 2051 “prospereque
1270 1978 1341 2025 ces·

215 2075 240 2109 ‘⁴
254 2092 336 2139 sura
346 2092 427 2164 quar⁴
434 2068 789 2167 pergerenusifulgor
798 2086 832 2142 et
841 2068 1006 2144 claritudo
1021 2070 1093 2141 deae
1103 2068 1338 2147 redderetur.”

215 2180 322 2277 Igitur
337 2180 413 2253 aeris
429 2204 527 2268 sono,
542 2184 702 2269 tubarum
716 2207 951 2278 cornuumque
967 2200 1133 2261 concentu
1145 2199 1294 2278 strepere
1305 2186 1341 2253 :⁴

215 2311 319 2391 prout
333 2294 798 2388 splendidior,obscuriorve,
811 2295 928 2382 laetari,
940 2313 997 2367 aut
1013 2316 1174 2387 moerere:
1202 2314 1234 2370 et
1250 2312 1339 2390 post-

216 2406 325 2502 quim
346 2423 432 2481 ortae
445 2410 554 2479 nubes
574 2408 719 2480 offecere
743 2408 840 2497 visui,
856 2410 1090 2505 creditumque
1108 2409 1278 2481 conditam
1293 2425 1342 2479 te·

215 2520 352 2608 nebris3
379 2538 417 2593 ut
432 2538 511 2591 sunt
532 2522 674 2595 mobiles
695 2524 738 2594 ad
762 2524 1030 2619 superstitionem
1052 2522 1215 2619 perculsae
1236 2520 1341 2593 semel

216 2650 360 2720 mentes,
377 2628 648 2721 “sibi'aetemum
663 2634 815 2721 laborem
827 2635 994 2730 portendi,
1009 2658 1070 2709 sua
1085 2634 1233 2707 facinora
1249 2658 1341 2707 aver·

216 2755 242 2791 “
252 2746 433 2819 strideos”
451 2746 685 2818 lamentantur.
703 2747 882 2819 Utendum
892 2747 1105 2821 inclinatione
1116 2746 1157 2819 ei
1170 2750 1299 2835 Caesar,
1309 2764 1343 2821 et

216 2886 296 2958 qua
312 2884 408 2933 casus
423 2859 604 2949 obtinent,
618 2861 654 2932 in
673 2860 865 2957 sapientiam
881 2864 1041 2935 vertenda
1056 2880 1161 2951 ratus,
1172 2862 1342 2935 circumiri

217 2974 360 3049 tentoria
380 2975 487 3072 jubet.
537 2974 691 3046 Accitur
707 2975 858 3047 centurio
891 2976 1063 3063 Clemens,
1088 2993 1122 3047 et
1149 2976 1176 3047 si
1202 2976 1261 3071 qui
1289 2975 1344 3047 alii

218 3086 316 3160 bonis
330 3086 457 3159 artibus
470 3086 559 3185 grati
578 3086 615 3158 in
630 3084 753 3186 vulgus
765 3089 779 3161 τ’
800 3090 823 3161 ii
847 3089 978 3187 vigiliis,
999 3088 1207 3177 stationibus,
1233 3109 1342 3163 custo-

218 3201 283 3273 diis
300 3217 476 3297 portarum
490 3226 526 3275 se
541 3200 703 3291 inserunt,
722 3229 819 3299 spem
838 3204 997 3290 offerunt,
1009 3220 1138 3275 mettun
1152 3203 1341 3277 intendunt.

220 3319 454 3412 “Quousque
475 3315 584 3387 filium
604 3316 813 3412 imperatoris
832 3316 1080 3390 obsidebimus?
1106 3315 1180 3411 quis
1191 3318 1343 3387 certami-

220 3435 247 3473 “
263 3452 347 3503 num
362 3430 439 3512 linis
448 3428 462 3502 ἰ
484 3428 729 3519 Percennione,
738 3447 772 3504 et
783 3430 952 3503 Vibuleno
961 3447 1206 3502 sacramentum
1223 3428 1343 3501 dicturi

220 3551 247 3588 “
262 3542 403 3620 sumus?
418 3541 623 3617 Percennius
634 3560 668 3617 et
680 3544 867 3619 Vibulenus
886 3542 1049 3640 stipendia
1060 3542 1230 3634 militibus,
1243 3568 1343 3643 agros

263 3792 356 3853 'Can
389 3791 506 3851 Carere.
557 3794 632 3851 Cum
661 3794 756 3852 Druso
812 3814 856 3853 xr.
886 3813 914 3870 p.
937 3800 1005 3862 299.
1043 3792 1114 3851 Tum
1148 3794 1245 3870 insigni
1275 3807 1344 3855 tem-

222 3874 343 3933 cessare.
613 3918 617 3924 .
810 3893 912 3951 porum
937 3875 1106 3931 indicatione
1132 3874 1287 3949 plurimum
1311 3876 1345 3932 il·

263 3944 453 4030 ‘Adprtren
493 3952 688 4011 Ademtum.
812 3954 965 4011 lustrantur
995 3951 1137 4010 Tiberiani
1168 3954 1342 4030 principatus

264 4028 361 4090 ³Viro
387 4033 570 4108 languescere.
624 4032 756 4108 Apertidr
812 4034 901 4090 initis.

216 4113 386 4183 -Dio,1.v11.
408 4131 438 4188 p.
451 4104 756 4174 tiotatmileoim
849 4110 1011 4170 ⁴Concentu
1021 4120 1151 4189 strepere.
1184 4113 1344 4187 lgnamho·

215 4186 369 4255 ‚baiariae
393 4188 474 4249 erd
498 4190 647 4264 dpiciente.
688 4191 757 4247 uec
812 4193 919 4249 minum
940 4208 1016 4247 meru
1037 4194 1158 4250 siderum
1178 4192 1345 4251 ‹lescctioncs

225 4272 301 4329 lunae
313 4271 425 4349 eclipsis
434 4269 552 4345 contigit
561 4288 641 4327 mone
654 4270 699 4326 die
710 4275 758 4333 97.
812 4271 862 4327 diu
876 4268 1002 4347 expauit:
1024 4290 1109 4346 seque
1122 4273 1154 4329 iis
1167 4274 1276 4347 crepitu
1289 4274 1345 4329 ‹lis-

219 4350 370 4425 septemb.
390 4355 427 4407 A.
439 4350 477 4408 U.
490 4350 526 4407 C.
540 4346 607 4415 767.
622 4348 650 4407 J.
663 4349 698 4407 C.
713 4354 758 4405 14.
812 4368 880 4407 sono
903 4350 1035 4407 auxiliari
1064 4370 1141 4427 posso
1163 4353 1343 4409 existinmvit.

221 4428 344 4486 isitium
365 4430 468 4487 habuit
489 4427 560 4486 hori
579 4435 607 4487 ³.
628 4424 683 4486 18‘.
694 4423 758 4486 32¹2
816 4430 927 4487 Errorcs
942 4430 1004 4488 illos
1019 4430 1224 4513 loquat-umque
1237 4450 1271 4487 nc
1286 4431 1345 4489 clu-

218 4506 326 4564 .‚Finem
351 4504 418 4567 honi
446 4514 475 4573 7.
500 4504 536 4566 θ’.
558 4504 621 4567 32‘'.
662 4507 759 4569 Ducti
815 4526 919 4567 mosam
946 4511 1085 4567 lominum
1113 4514 1212 4587 argute
1239 4510 1346 4567 deridet

219 4586 294 4643 -vide
319 4588 476 4660 Petavium,
510 4587 641 4645 Doctrin.
660 4588 759 4663 Temp.
815 4589 880 4647 Jur.
896 4606 938 4645 vr.
951 4595 1020 4645 441.
1034 4602 1129 4667 etseq.
1165 4588 1236 4647 Vide
1250 4602 1277 4646 ct
1290 4590 1346 4649 Pu·

228 4684 255 4725 ν.
274 4673 299 4726 1.
319 4665 369 4725 lib.
382 4686 454 4724 vui.
478 4688 509 4744 p.
522 4674 589 4731 822.
610 4688 637 4726 v.
660 4674 689 4725 2.
709 4666 759 4725 lib.
776 4724 779 4731 ,
816 4670 1016 4739 nium‚=11.12.

388 4768 474 4819 VOL.
493 4768 517 4819 i.
1063 4769 1084 4815 C
