3200 5509
137 479 140 486 ⁴
163 529 300 594 J.C.18.
416 523 640 588 ANNALIUM
663 525 782 588 LIBER
802 528 1023 589 SECUNDUS.
1231 543 1284 598 131

161 686 243 758 dere
259 677 388 758 Caemri
398 697 433 754 ct
442 678 655 779 Agrippina,
666 679 757 754 leves
767 680 881 754 Pisoni
892 699 927 756 et
938 683 1056 757 ceteris
1064 682 1286 764 offerrentur:

161 807 186 844 “
202 797 367 895 Principis
379 794 540 883 Romani,
555 819 624 866 non
632 795 747 868 Parthi
758 796 865 894 regis¹
882 797 954 869 filio
965 822 1021 872 eas
1032 800 1147 894 epulas
1162 801 1234 875 dari
1246 805 1284 875 :⁹⁹

158 913 347 1012 abjecitque
362 909 461 984 simul
478 931 651 996 somnam,
675 924 709 982 et
725 910 832 982 multa
852 909 888 982 in
912 910 1035 984 luxum
1050 913 1190 1004 addidit,
1205 941 1285 1012 quar

161 1025 381 1114 Germanico,
393 1048 600 1122 quamquam
611 1026 744 1112 acerba,
759 1026 990 1098 tolerabantur
1004 1043 1129 1100 tamen.

204 1265 264 1326 58.
289 1251 415 1326 Iuratr
444 1279 522 1350 quar
546 1253 589 1326 ab
613 1277 696 1350 rege
715 1253 921 1327 Parthorum
957 1255 1156 1330 Artabano⁸
1183 1256 1285 1356 legati

156 1391 303 1442 venere:
330 1368 464 1444 mismat
490 1365 709 1438 “amicitiam
733 1391 772 1440 ac
800 1365 941 1440 foedus”
962 1385 1222 1460 memoraturus,
1249 1389 1285 1445 et

155 1489 182 1525 “
198 1507 324 1578 cupere
339 1481 492 1556 renovari
511 1481 672 1569 dextras,³
688 1481 917 1578 daturumque
932 1483 1054 1555 honori
1073 1485 1283 1574 Germanici,

156 1603 182 1640 “
199 1614 237 1668 ut
261 1597 367 1693 ripam
381 1595 562 1691 Euphratis
586 1595 809 1668 accederetr⁴
831 1613 946 1692 petere
971 1596 1118 1686 interim,
1140 1620 1184 1670 ne
1213 1603 1283 1670 Vo-

154 1718 302 1784 “nones
321 1711 357 1782 in
373 1707 472 1807 Syria
487 1709 681 1798 haberetur,
696 1733 764 1782 neu
789 1735 947 1805 proceres
969 1712 1122 1809 gentium
1145 1713 1281 1808 propin-

151 1831 179 1868 “
195 1825 270 1922 quis
285 1823 409 1898 nuntiis
420 1823 464 1896 ad
480 1823 662 1899 discordias
678 1823 863 1896 traheret.”
913 1824 973 1896 Ad
989 1849 1029 1898 ea
1041 1818 1279 1917 Ceramicus,

149 1939 196 2012 de
226 1939 383 2012 societate
406 1939 643 2012 Romanorum
676 1939 964 2036 Parthorumque,
995 1939 1197 2038 magnifice:
1235 1942 1280 2014 de

146 2053 295 2126 adventu
310 2053 438 2152 Regis⁵
455 2071 488 2126 et
500 2053 594 2126 cultu
605 2053 670 2141 sui,
682 2079 763 2128 cum
775 2055 899 2128 decore
909 2079 949 2126 ac
965 2053 1130 2126 modestia
1141 2079 1279 2150 respon·

145 2165 207 2239 dit.
258 2169 420 2240 Vonones
442 2163 738 2263 Pompeiopolim?
766 2166 894 2241 Ciliciae
918 2167 1119 2238 maritimam
1143 2171 1278 2256 urbem,

141 2297 281 2354 amotus
306 2298 377 2354 oet:
404 2282 521 2354 datum
543 2281 580 2354 id
607 2303 678 2352 non
699 2281 806 2352 modo
834 2281 991 2377 precibus
1018 2281 1195 2368 Artabani,
1216 2283 1278 2352 sed

139 2394 363 2468 contumelia
378 2394 520 2483 Pisonis,
544 2393 599 2468 cui
624 2395 832 2493 gratissimus
846 2411 918 2468 erat
934 2396 979 2468 ob
999 2392 1146 2489 plurima
1169 2393 1277 2468 officia

138 2523 180 2582 et
195 2508 299 2597 dona,
315 2507 442 2606 quibus
451 2511 648 2584 Plancinam
663 2510 870 2584 devinxerat.

457 2805 570 2876 A.U.
590 2805 733 2882 (1.772.
783 2805 876 2879 J.C.
898 2811 954 2876 19.

190 3005 249 3072 59.
275 2999 327 3072 Μ.
353 2999 515 3089 stanno,
541 2998 582 3072 L.
605 3001 771 3073 Norbano
793 2999 1014 3088 consuanter
1043 2998 1269 3072 Germanicus

138 3110 332 3210 AEgyptum
347 3112 583 3210 proficiscitur,
599 3117 846 3212 cognoscenda.
861 3112 1084 3209 antiquitatis:
1110 3115 1171 3184 sed
1186 3135 1269 3186 cura

182 3307 275 3368 'Non
300 3311 403 3369 Parthi
426 3313 511 3388 regit.
563 3311 675 3369 Frustra
728 3313 833 3371 sinunt.
871 3306 876 3317 ’

135 3389 430 3467 sudantinterpretes3
451 3391 537 3467 plana
556 3401 597 3448 est
616 3409 672 3448 sen·
766 3391 957 3450 ⁴Accederet.
998 3389 1061 3466 Ipse
1073 3387 1246 3446 Artabanus.

136 3469 235 3526 tentia.
277 3470 450 3546 inspeciem
471 3472 620 3540 modestus,
633 3489 675 3526 ro-
768 3467 973 3529 ’Deadocttttt
989 3468 1085 3544 nega.
1125 3465 1264 3528 Artabani

135 3548 203 3605 vera
216 3567 354 3624 arrogata,
367 3551 407 3607 ait
424 3549 489 3607 Piso
501 3549 599 3627 epulas
611 3549 673 3607 illas
728 3552 763 3608 ad
776 3551 867 3628 ripam
881 3549 1043 3625 Euphratis.

135 3628 199 3684 dari
221 3627 360 3706 Principia
379 3629 498 3686 Rotnani
523 3629 592 3699 filio,
616 3647 672 3686 non
764 3623 779 3654 ⁶
792 3628 1011 3705 Pompeiopolim.
1045 3623 1262 3708 Pompeiopolis,

134 3707 173 3764 ad
186 3707 299 3778 luxum,
310 3708 357 3765 sed
372 3710 408 3765 ad
429 3707 577 3785 imperium
596 3719 670 3766 noto.
725 3707 946 3768 nuncPalerolr'.
985 3702 1061 3764 Ante
1078 3705 1155 3760 dicto
1168 3701 1260 3771 Soloe,

134 3785 253 3844 Luxurn
272 3786 355 3844 illum
379 3789 476 3846 decere
496 3787 587 3844 lilium
602 3789 690 3864 regis*
727 3790 800 3846 unde
826 3807 881 3845 vox
905 3787 1088 3844 soloecismus.
1135 3782 1181 3837 De
1205 3779 1261 3838 hdc

134 3863 247 3935 Parthi,
260 3867 392 3924 dedecere
412 3867 476 3924 verb
491 3867 628 3925 Caesarenr
642 3879 671 3925 ot
725 3867 843 3937 Plinius,
857 3886 887 3927 v.
900 3872 949 3930 27.
988 3863 1101 3932 Cilicia,
1111 3871 1188 3917 nuno
1208 3857 1262 3916 Co·

133 3945 252 4002 Carsania
263 3945 363 4003 socios.
723 3947 915 4006 ramoniound
925 3939 1180 4021 partofAladttln.
1216 4015 1223 4028 ι

173 4020 354 4083 ‘Artabrum
405 4025 551 4084 Artabano
572 4023 610 4083 II.
635 4026 669 4082 da
762 4021 825 4084 ⁷1..
838 4026 973 4082 Norbano
988 4041 1057 4081 corr.
1098 4020 1143 4076 M.
1155 4018 1260 4077 luntas

130 4121 191 4179 qno
203 4123 289 4181 supra
302 4123 365 4180 cap.
379 4111 407 4163 3.
419 4105 482 4162 vide
495 4113 523 4160 et
534 4121 667 4162 canonem
724 4105 846 4174 Silanus,
860 4105 893 4162 L.
903 4105 1055 4160 Norbanus
1063 4099 1183 4157 Plancus
1193 4095 1259 4154 Bal-

130 4199 230 4258 rogum
264 4185 429 4243 Parthorum
454 4201 519 4260 cap.
547 4191 573 4241 1.
598 4183 669 4242 inter
724 4184 915 4243 busconsulcs
937 4183 1016 4240 lucro
1035 4183 1071 4236 tt.
1086 4179 1172 4236 U.C.
1188 4181 1257 4240 tta.

130 4273 192 4318 not.
206 4271 235 4320 et
245 4265 352 4320 emend.
721 4267 749 4324 J.
762 4267 797 4322 C.
810 4271 855 4332 19.
885 4263 919 4320 ln
930 4259 1031 4320 rosera
1043 4255 1166 4316 eburnea
1178 4256 1257 4343 apud

172 4335 184 4370 ³
198 4341 337 4401 Ilcnoomi
346 4343 466 4402 dextros.
489 4343 521 4400 ln
534 4343 667 4401 amicitior
723 4343 768 4403 Cl.
781 4345 820 4400 V.
834 4343 869 4400 de
881 4341 998 4418 Caylus,
1019 4337 1133 4396 Recner'l
1146 4335 1258 4392 d'Antt·

128 4419 419 4500 acsoederissignum.
461 4423 667 4481 lndoinnum·
721 4423 819 4498 quitc's,
848 4422 905 4478 vol.
943 4437 994 4477 ιιι.
1028 4417 1100 4474 Tab.
1138 4430 1256 4472 rxxrx.

128 4500 668 4570 mis,CONCORDlAduabusrnani·
722 4521 798 4560 num.
816 4509 841 4560 1.
888 4501 931 4558 M.
957 4499 1028 4558 SlL.
1059 4497 1092 4552 l..
1124 4493 1194 4550 No.
1220 4491 1255 4547 Β.

129 4579 301 4654 busjunctis
313 4583 498 4659 exprimitur;
519 4582 666 4638 nonnulla·
721 4581 808 4639 COS.
839 4580 872 4636 ld
884 4590 935 4649 ert,
949 4578 994 4636 M.
1009 4576 1114 4643 Silano,
1129 4572 1163 4630 L.
1179 4567 1254 4626 Nor·

128 4675 186 4732 que
198 4660 422 4739 militariasigna
441 4661 470 4719 in
490 4679 606 4721 manum
619 4662 666 4720 de·
721 4661 891 4720 barnardo
903 4657 1066 4719 connum.
1143 4688 1150 4699 ι
