3200 5509
634 442 890 511 nnnrsrro.
1275 452 1320 523 nr
1446 535 1449 541 Ι

186 645 376 759 praeside,
405 642 530 731 MSS.
563 645 878 729 commentarios
912 642 973 727 Cl.
1006 645 1170 767 Claudii
1203 650 1315 739 Chil-

185 788 289 871 fletii
306 789 350 869 in
368 788 571 884 Tacitum,
592 814 710 897 quos,
723 785 822 869 lieet
834 790 1079 895 conjecturis
1091 794 1315 902 ahquaudd

188 930 409 1038 indulgeat,
438 932 587 1040 saepius
616 928 861 1027 laudassem,
890 931 925 1013 si
958 932 1008 1015 iis
1037 948 1082 1015 et
1112 936 1235 1021 cittis
1271 950 1316 1023 et

186 1072 343 1169 diutius
356 1072 434 1153 frui
452 1074 645 1155 licuisset.
689 1068 814 1153 Suam
834 1098 1003 1179 quoque
1020 1076 1062 1157 in
1083 1104 1156 1157 nos
1176 1079 1316 1162 voluu-

187 1223 313 1297 tatem
357 1226 548 1305 testatam
596 1214 724 1296 voluit
769 1214 1068 1299 lllustrissimus
1110 1220 1314 1331 Josephus

184 1360 376 1447 Andreas
396 1358 577 1454 Zeluski,
610 1358 843 1442 Kioviensis
872 1370 915 1441 et
942 1357 1314 1453 Czeruiehovicnsis

190 1502 434 1610 Episcopus,
463 1500 657 1607 misitque
687 1500 711 1581 e
746 1499 1006 1585 Bibliotheca
1035 1506 1109 1585 sud
1128 1504 1316 1591 Varsovi.

187 1646 269 1729 ans
308 1642 673 1753 Berneggerianum
716 1644 953 1741 editionem,
991 1646 1099 1727 notis
1146 1649 1315 1755 quidem

189 1783 316 1870 MSS.
344 1786 597 1884 instructam,
621 1784 808 1870 sederim
827 1814 968 1870 omnes
985 1816 1036 1871 eu
1057 1788 1186 1895 Lipsii
1204 1816 1315 1873 com·

187 1928 398 2025 mentariis
433 1926 516 2009 sint
558 1938 774 2035 excerptae,
823 1926 921 2009 nihil
958 1930 1053 2014 novi
1074 1931 1315 2042 .edjumenti

187 2070 403 2181 protulere.
462 2068 553 2151 Nec
571 2068 666 2151 ideo
691 2068 847 2153 silenda
877 2071 993 2151 nobis
1022 2071 1102 2153 suit
1129 2076 1316 2173 voluntat

189 2211 338 2321 egregii
368 2210 456 2306 viri,
492 2210 610 2293 nohis
636 2208 886 2305 amicissimi,
915 2211 989 2317 qui
1026 2228 1124 2295 ante
1159 2217 1318 2325 aliquot

188 2382 319 2447 annos
337 2354 380 2436 in
398 2356 556 2435 summd
574 2350 669 2433 vitae
703 2364 746 2433 et
776 2351 973 2433 virtutum
1002 2352 1189 2439 claritate
1212 2386 1319 2443 mor·

190 2506 287 2589 tuus
324 2508 397 2579 est.
467 2492 782 2577 Memoroverim
827 2517 995 2601 quoque
1031 2494 1317 2607 Gryphianum

97 2656 99 2661 ’
189 2640 409 2726 editionem
431 2634 457 2722 d
476 2634 537 2719 Cl.
558 2634 699 2719 Gobet
716 2662 845 2743 nuper
863 2635 918 2715 ad
942 2664 1017 2720 uos
1043 2638 1223 2739 allatam,
1252 2644 1318 2727 cui

188 2782 389 2892 quasdam
405 2776 761 2863 adnotatiunculae
775 2776 1195 2870 addiderutNioolaus
1205 2784 1322 2872 Nan.

191 2924 331 3021 colius,
349 2924 408 3005 vir
425 2920 640 3005 medicinae
656 2920 797 3029 magis,
819 2918 943 3026 quim
955 2919 1131 3005 historiae
1147 2928 1318 3033 peritus:

191 3068 253 3153 ite
271 3066 502 3162 (scitantem
521 3078 576 3155 ,ut
595 3062 649 3148 ah
681 3062 911 3145 eruditione
940 3064 1178 3173 imparatus,
1204 3069 1324 3161 Tuci·

188 3218 281 3293 t'um
298 3208 463 3317 legerat,
490 3218 539 3291 ut
557 3207 599 3287 in
617 3232 667 3287 eo
684 3204 783 3287 nihil
803 3207 893 3317 opis
911 3231 1004 3289 esse·
1016 3208 1157 3316 possit.

172 3498 177 3505 “
249 3492 320 3591 lis,
347 3520 421 3603 per
440 3489 596 3599 quosiu
609 3488 686 3577 hdo
699 3490 878 3575 editione
892 3492 1057 3603 profeci,
1075 3518 1332 3621 commemo-⁸

190 3634 435 3734 retis,'haud
449 3634 625 3721 siluerim
648 3636 823 3745 primum
835 3635 984 3715 laboris
998 3636 1125 3717 nostri
1144 3636 1323 3721 hortato-

193 3806 281 3869 rem
299 3778 661 3883 instinctoremque
681 3774 744 3858 Cl.
767 3774 1044 3885 Hippolytum
1062 3776 1322 3860 Ludovicum

196 3918 366 4004 Guerin.
398 3916 569 3999 Nostros
586 3916 754 4026 quidem
773 3916 927 4014 laudes,
951 3915 985 3996 si
1002 3917 1137 4011 adhuc
1155 3920 1321 4019 viveret,

194 4059 779 4171 ejrumodestiuoppressisset.
815 4056 1222 4145 Eosnuucomittere
1239 4092 1322 4182 non

198 4203 294 4291 sinit
311 4204 397 4322 ejus
415 4204 513 4303 vita,
548 4203 694 4317 optimi
713 4202 812 4291 civis
831 4200 991 4301 officiis,
1017 4204 1170 4315 ingenii
1196 4201 1329 4289 facili·
