3200 5509
291 494 353 565 sur
579 460 581 467 ’
734 471 990 563 rainelmo.

295 694 494 782 Nonnulli
524 696 664 779 tumen
687 694 843 776 nobiles
874 704 917 776 et
949 698 1110 806 egregii,
1137 708 1185 781 ut
1205 698 1268 781 M.
1288 694 1423 785 liuto·

295 846 384 924 nius
414 840 616 935 Muretus,
657 837 823 945 Fulvius
859 834 1048 933 Ursinus,
1078 838 1204 950 Hugo
1231 842 1421 939 Grotius,

296 984 446 1065 Daniel
492 980 695 1079 Heinsius,
740 979 989 1063 Godefridus
1019 979 1250 1066 Gulielmus
1294 984 1421 1066 Ieib-

294 1126 431 1219 nitius,
458 1138 502 1207 et
518 1125 585 1206 alii
606 1152 706 1232 quos
727 1148 801 1230 pro
826 1122 906 1204 loci
924 1126 1233 1233 opportunitate
1250 1138 1293 1209 et
1309 1126 1422 1209 utili-
1579 1123 1580 1126 ‘

294 1278 381 1351 ure
397 1270 569 1351 libenter
588 1266 774 1373 ultroque
792 1264 1060 1348 laudabimus.
1137 1273 1141 1281 '

348 1550 504 1633 Ve'nlm
535 1548 630 1633 eum
666 1548 801 1629 minus
837 1549 1052 1657 voluptati,
1093 1549 1219 1660 quim
1251 1555 1419 1638 utilitati

294 1693 484 1805 publica,
511 1692 671 1801 scriptis
691 1690 772 1771 suis
792 1692 1036 1773 consultum
1048 1694 1220 1778 voluerit
1235 1696 1419 1797 Tacitus,

156 1911 158 1919 ,
294 1861 393 1947 gens
423 1834 547 1917 ferme
583 1833 698 1915 nulla
729 1846 805 1930 est,
847 1860 941 1949 quae
967 1864 1062 1918 eum
1094 1838 1328 1949 indigenam
1364 1868 1418 1923 ac

293 1978 533 2089 popularem
571 1976 720 2057 habere
752 2002 836 2057 non
865 1976 1050 2059 voluerit
1105 1980 1157 2063 In
1190 1982 1269 2064 hue
1283 1980 1419 2066 ‘tanti

293 2122 558 2229 interpretum
612 2117 885 2214 multitudine,
948 2120 1152 2231 principes¹
1188 2122 1419 2233 'appellare
1579 2095 1580 2172 ἰ

285 2266 419 2374 juvat.
474 2262 603 2345 Suum
632 2261 784 2344 habent
813 2260 1008 2344 Germani
1037 2262 1267 2370 Micyllum,
1294 2296 1417 2351 suum
1532 2280 1535 2284 ’

293 2406 445 2487 Batavi
494 2404 734 2501 Hoofdiirm,
780 2405 997 2513 gentilibus
1039 2408 1245 2515 probatos.
1301 2409 1419 2493 Inter
1579 2511 1580 2542 i

294 2550 500 2658 Hispanos
526 2546 578 2628 de
609 2546 843 2655 principatu
871 2536 950 2629 tres
967 2556 1140 2631 'oerum
1170 2550 1418 2635 Emmanuel

292 2691 461 2797 Sueyro,
493 2690 709 2773 Balthe'zar
738 2689 921 2789 Alamos,
957 2701 999 2773 et
1026 2688 1195 2773 Carolus
1227 2691 1417 2795 Coloma,

293 2836 438 2945 quilius
459 2834 567 2917 haud
601 2846 686 2916 tam
704 2834 908 2943 splendor,
936 2837 1062 2944 quim
1093 2833 1416 2920 brevitas'deest.

291 2977 432 3060 Plures
449 2976 604 3059 habent
622 2976 731 3072 Iuli,
757 2982 860 3085 qnos
891 2976 1196 3059 inter'eminent
1213 2977 1418 3087 Georgius

291 3120 408 3217 Dati,
437 3118 669 3201 Bernardus
702 3118 947 3214 Demarati,
987 3129 1028 3199 et
1054 3116 1258 3199 Adrianus
1278 3118 1416 3205 Politi.

289 3262 475 3347 Palmum
507 3262 698 3371 singulari
733 3262 942 3343 breuitatis
979 3261 1173 3342 felicitate
1204 3262 1418 3371 praeripnit

290 3403 536 3486 Davuunati.
590 3402 778 3485 Laudem
806 3405 912 3485 inter
932 3401 1152 3483 Britannos
1179 3402 1259 3483 sibi
1290 3428 1418 3512 pepe-

288 3557 425 3628 rerant
457 3543 658 3625 Ricardus
690 3543 915 3646 Grenewey
946 3554 988 3623 et
1019 3541 1221 3622 Henricus
1258 3540 1415 3629 Sevile:

288 3692 379 3769 euni
417 3688 459 3765 in
494 3712 538 3766 se
573 3685 699 3767 traxit
736 3684 914 3765 Thomas
951 3682 1139 3781 Go'rdmr,
1176 3687 1416 3769 ‘aceumtior
1578 3645 1579 3730 s

289 3829 468 3937 quidem,
500 3824 575 3909 'sed
625 3827 761 3909 adhue
811 3827 937 3934 paulo
984 3825 1127 3906 leuior.
1181 3824 1414 3933 Antiquurn

288 3990 454 4078 quoque
475 3966 606 4051 Gallis
625 3968 701 4049 fuit
724 3969 921 4063 studium,
948 3978 997 4051 ut
1013 3966 1203 4049 Tacitum
1219 3967 1417 4077 interpro-

286 4120 480 4193 taoentur.
534 4106 561 4193 J
565 4136 632 4188 am
662 4108 821 4216 pridem
854 4108 945 4191 rudi
975 4120 1178 4191 vetustate
1203 4108 1415 4192 absoluere

259 4250 486 4373 'Funclret
523 4248 589 4329 de*
604 4249 645 4329 la
675 4248 870 4346 Plauche,
911 4250 1063 4358 aliique
1094 4250 1212 4361 hujus
1244 4252 1412 4333 veterni.

267 4390 459 4501 'Aliquid
481 4392 577 4478 ortis
595 4403 638 4474 et
656 4392 810 4503 ingenii
827 4420 1010 4504 promere
1026 4393 1156 4504 eoepit
1170 4392 1347 4481 Achille·
1360 4394 1414 4477 de
