3200 5509
246 410 288 491 ru
444 466 453 481 .
683 412 943 501 rnunn‘no.

248 642 332 703 nou
371 614 584 699 observatu
622 615 780 697 ratione
816 624 1075 721 temporum,
1109 614 1270 725 quibus·
1289 645 1376 723 ‚eos
1470 598 1474 603 ¹

250 760 547 863 describebant.
583 844 587 857 ,
632 756 683 839 Id
751 754 1064 863 quamplurimis
1121 739 1376 867 ⁴compertum

249 903 459 1010 exemplis.
517 898 833 1011 Langobardica
874 911 1016 989 autern
1053 900 1253 1008 scriptura
1296 902 1377 1007 orig

252 1044 394 1127 denter
424 1046 558 1153 arguit
591 1045 773 1125 codicem
807 1041 920 1123 illum
954 1041 1098 1123 Romoe
1136 1070 1217 1124 non
1255 1044 1376 1150 fuisse

251 1186 445 1293 scripturn
467 1186 519 1265 A.
540 1184 596 1267 U.
618 1185 664 1265 C.
689 1192 806 1269 1148.
836 1184 879 1269 J.
899 1179 947 1263 C.
966 1191 1062 1275 395.
1091 1212 1177 1292 quo
1197 1168 1376 1269 Olibrius

164 1362 167 1367 ·
250 1340 294 1409 et
315 1326 515 1409 Probinus
550 1328 731 1409 consules
762 1328 897 1418 fuere3
926 1353 1060 1434 neque
1090 1323 1379 1409 Constantino·

251 1471 337 1581 poli
357 1471 608 1579 recognitum
630 1469 792 1552 biennio
826 1466 934 1577 post,
976 1467 1071 1549 cum
1107 1464 1306 1552 Cresarius
1336 1479 1378 1549 et

250 1611 417 1703 Atticus
436 1610 620 1691 eumdem
641 1611 881 1719 dignitatern
901 1610 1086 1691 inierant.
1124 1608 1191 1690 Ibi
1210 1636 1377 1717 quoque

252 1752 338 1835 vidi
370 1753 474 1835 duos
506 1751 606 1833 alios
637 1752 810 1848 codices,
838 1750 909 1831 sed
941 1750 1246 1846 recentissimos,
1275 1778 1377 1859 quo·

251 1924 343 1983 rum
363 1896 463 1977 alter
480 1876 534 1975 ub
553 1894 769 1977 undecimo
788 1893 1011 1977 Annalium
1041 1891 1143 1975 libro
1171 1894 1224 1975 ad
1254 1893 1375 1973 finem

251 2038 349 2125 libri
375 2038 543 2119 secundi
577 2038 864 2135 Historiarum,
904 2037 1006 2119 alter
1036 2035 1199 2116 eosdem
1235 2037 1377 2118 Anna·

251 2180 366 2277 lium,
388 2191 429 2261 et
449 2179 719 2261 Historiarum
735 2180 857 2261 libros
877 2179 1063 2288 quinque
1080 2155 1375 2299 complectitur.

307 2446 510 2530 Vaticana
543 2448 814 2544 Bibliotheca,
862 2476 945 2529 non
981 2448 1229 2559 antiquitate
1264 2449 1375 2531 codi-

253 2616 361 2685 cum,
408 2590 478 2670 sed
521 2618 691 2672 numero
741 2590 948 2698 praeeellit.
1018 2588 1208 2684 Quatuor
1246 2591 1289 2671 in
1326 2594 1376 2673 eA

251 2732 381 2839 reperi
412 2730 540 2840 MSS.
569 2732 730 2815 codices
762 2734 938 2815 numeris
968 2733 1085 2817 1863.
1118 2730 1235 2817 1864.
1268 2740 1373 2840 1958

225 2884 294 2953 ‘et
312 2872 433 2964 2965.
464 2886 637 2955 notatos.
694 2874 773 2955 Sex
807 2875 1042 2981 posteriores
1068 2874 1306 2972 Annalium,
1334 2888 1376 2957 ct

252 3008 523 3095 Historiarum
545 3015 725 3123 quinque
742 3015 864 3095 libros
897 3014 1050 3097 hubent
1068 3016 1229 3125 singuli.
1287 3017 1375 3099 Hos
1502 3088 1507 3095 .

250 3154 356 3243 iuter
369 3155 575 3263 antiquior
592 3152 747 3239 videtur
767 3157 860 3241 MS.
886 3156 1016 3241 1864..ι
1035 3170 1224 3241 exaratus
1239 3160 1375 3243 seculo

250 3294 372 3377 XIV.
392 3311 580 3394 exeunte,
607 3312 679 3380 aut
698 3300 864 3381 ineunte
885 3296 979 3381 XV.
1035 3298 1229 3408 Ejusdem
1250 3300 1374 3385 ferme

248 3438 508 3545 antiquitatis
523 3451 584 3519 est
599 3438 692 3521 MS.
719 3442 852 3525 1863.1
910 3440 1049 3522 Multo
1065 3441 1264 3522 recentior
1278 3439 1372 3525 MS.
1417 3446 1421 3450 ’

223 3577 370 3671 ,2965
412 3606 559 3689 neque,
588 3596 635 3663 ut
664 3582 746 3681 alii,
784 3584 1132 3681 membranaceus,
1147 3583 1231 3665 sod
1259 3583 1372 3666 char-

290 3952 301 3981 ⁸
324 3944 473 4013 Codicern
494 3947 579 4014 illum
606 3951 685 4014 haud
710 3952 788 4015 obsi·
873 3955 888 3985 ¹
902 3952 1018 4017 Exhoc
1032 3953 1147 4033 codice,
1162 3952 1257 4017 aliove
1271 3953 1371 4034 simili,

246 4030 352 4099 milem
375 4056 441 4097 esse
463 4036 573 4114 codici,
597 4058 687 4123 quem
713 4036 788 4119 Lip-
833 4040 969 4123 profecta
987 4039 1102 4103 ridetur
1114 4039 1206 4104 editio
1222 4040 1323 4123 priuce
1362 4088 1371 4103 .

245 4118 306 4195 sius
369 4118 578 4182 Famesiuuum
642 4122 787 4205 appellat,
834 4122 903 4186 Nec
927 4123 1075 4187 dissimilis
1100 4137 1145 4187 est
1172 4124 1292 4189 Ms.c
1333 4148 1370 4188 ex

245 4224 398 4299 quemque
413 4204 542 4267 contulit
555 4206 573 4270 J
579 4208 693 4269 acubus
710 4205 787 4271 Cor·
831 4205 1033 4275 Bibliouecae
1047 4210 1153 4295 Regiae
1169 4208 1358 4275 Parmensis.

246 4286 360 4371 lunelli,
373 4310 453 4373 supe
467 4312 534 4355 sum
548 4302 701 4375 expertus.
