3200 5509
289 598 293 605 ,
323 540 379 602 192
674 530 710 589 c.
733 528 931 588 conuenit
951 528 1089 587 mem
1233 530 1448 599 auem.

317 686 377 775 nii,
401 684 586 785 legionario
602 684 720 772 milite,
746 682 851 781 quein
867 684 1027 756 Visellius
1039 685 1164 771 Varro,
1179 680 1349 755 inferioris
1365 686 1447 757 Ger-

321 800 443 873 mania:
465 801 608 897 legatus,
637 799 785 885 miserat,
811 797 975 893 oppressi,
1004 798 1127 869 eodem
1148 797 1276 869 Aviola
1294 798 1396 885 duce,
1415 815 1447 870 et

320 916 522 1013 quibusdam
551 914 743 986 Galliarum
775 911 1003 1007 prirnoribus3
1046 910 1105 1006 qui
1140 912 1251 983 tulere
1275 910 1447 999 auxilium,

320 1029 392 1125 qub
410 1028 657 1101 dissimularent
677 1024 916 1113 defectionem,
932 1025 1109 1121 magisque
1121 1024 1162 1095 in
1175 1042 1332 1120 tempore
1359 1024 1450 1097 effer·

320 1147 440 1214 rent:¹
466 1158 634 1238 spectatus
662 1158 696 1212 et
724 1140 895 1227 Sacrovir,
920 1140 1045 1211 intecto
1071 1140 1179 1235 capite
1205 1128 1362 1237 pugnam
1391 1166 1450 1235 pro

322 1258 487 1329 Romanis
513 1258 617 1345 ciens,
652 1264 677 1298 “
703 1256 950 1342 ostentandae‚''
988 1270 1027 1325 ut
1042 1250 1202 1341 .ferebat,
1235 1259 1261 1295 “
1278 1252 1449 1325 virtutis:”

320 1372 381 1449 sed
398 1370 532 1467 captivi,
556 1378 581 1413 “
599 1393 642 1441 ne
669 1369 892 1441 incesseretur
919 1367 1006 1454 telis,
1030 1368 1286 1464 agnoscendum
1309 1392 1347 1438 se
1368 1391 1447 1463 prm

322 1492 350 1528 “
363 1486 514 1572 buisse,”
536 1484 733 1581 arguebant.
785 1482 973 1554 Consultus
1006 1505 1108 1576 super
1140 1506 1182 1552 eo
1210 1480 1383 1569 Tiberius,
1401 1504 1448 1553 as·

322 1615 483 1696 pernatus
495 1596 730 1685 estindicium,
745 1596 896 1691 aluitque
912 1593 1119 1667 dubitatione
1129 1595 1273 1667 bellum.

330 1874 334 1881 -
372 1838 432 1899 42.
457 1828 630 1898 Iurunrn
658 1826 780 1897 Florus
795 1824 946 1897 insistere
970 1822 1154 1913 destinatis,
1184 1824 1347 1921 pellicere
1373 1824 1451 1896 alam

324 1942 490 2038 equitum,
532 1966 610 2037 quae
639 1940 830 2035 conscripta
859 1940 1032 2027 Treveris,
1064 1938 1182 2009 militiai
1213 1937 1466 2034 disciplinique¹

323 2055 439 2127 nostri
451 2056 649 2143 habebatur,
674 2074 725 2143 ut,
742 2055 837 2126 caesis
847 2054 1112 2152 negotiatoribus
1122 2052 1316 2140 Romanis‚²
1328 2052 1450 2125 bellum

290 2238 294 2243 .
324 2170 507 2264 inciperet:
544 2170 710 2265 paucique
745 2170 900 2266 equitum
936 2169 1101 2265 corrupti,
1133 2170 1249 2264 plures
1279 2168 1318 2238 in
1348 2166 1450 2238 officio

325 2308 491 2356 mansere.
541 2284 649 2355 Aliud
666 2284 812 2380 vulgus³
837 2285 1068 2356 obaeratorum
1093 2299 1151 2354 aut
1173 2280 1352 2353 clientium
1366 2304 1449 2353 arma

323 2398 433 2495 cepit:
459 2400 684 2494 petebantque
700 2397 817 2485 saltus,
839 2396 962 2493 qurbus
984 2420 1110 2467 nomen
1127 2395 1352 2483 Arduemra,⁴
1375 2396 1449 2466 ciam

319 2512 470 2610 legiones
495 2528 641 2608 utroque
666 2514 708 2583 ab
736 2511 901 2599 exercitu,
930 2516 1014 2609 quas
1047 2510 1204 2583 Visellius
1232 2526 1267 2581 et
1289 2511 1335 2581 C.
1355 2509 1449 2583 Silius

322 2626 470 2697 adversis
500 2625 674 2706 itineribus
698 2627 906 2722 objecerant,
946 2640 1149 2698 arcuerunt:
1191 2622 1448 2719 praemissusque

324 2762 404 2810 cum
421 2737 551 2810 delecti
577 2762 680 2811 manu
705 2739 814 2812 Julius
829 2742 947 2827 Indus,
972 2739 1142 2811 dcivitate
1169 2737 1304 2826 eidem,
1331 2737 1450 2809 discors

324 2854 441 2945 Flor0,
467 2870 500 2925 et
515 2856 560 2925 ob
576 2854 612 2924 id
629 2856 791 2939 navandae
808 2880 922 2951 operae
947 2854 1090 2949 avidior,
1116 2852 1325 2925 inconditam
1348 2848 1450 2923 multi·

324 2966 478 3039 tudinem
506 2968 618 3039 adhuc
650 2968 788 3067 disjecit.
837 2970 960 3039 Florus
991 2968 1127 3040 incertis
1153 2964 1289 3038 latebris
1311 2965 1450 3039 victores

325 3079 518 3169 frustratus
534 3082 722 3176 postremb‚
746 3080 825 3154 visis
840 3081 1014 3171 militibus,
1039 3082 1098 3177 qui
1114 3079 1239 3177 effugia
1254 3080 1449 3164 insederant,

326 3194 388 3267 sui
400 3218 503 3267 manu
519 3195 659 3267 cecidit:
685 3196 782 3293 isque
794 3196 968 3269 Treverici
983 3195 1154 3269 tumulttis
1169 3194 1260 3266 finis.

1221 3303 1237 3336 C

375 3436 434 3496 43.
459 3428 573 3495 Aeon
595 3426 730 3497 AEduos
757 3428 866 3523 major
898 3426 1006 3498 moles
1036 3440 1167 3511 exorta,
1193 3440 1322 3521 quanto
1347 3422 1454 3495 civitas

328 3536 531 3632 opulentior,
557 3556 590 3611 et
607 3540 868 3637 comprimendi⁵
893 3540 1014 3637 procul
1030 3538 1236 3635 praesidium.
1286 3543 1452 3636 Augusto-

370 3797 380 3825 ¹
394 3798 431 3857 In
446 3810 566 3877 tempore
578 3802 719 3876 efferrent.
743 3802 868 3860 Ccrtirls-
919 3803 1021 3860 maniae
1033 3800 1312 3881 legatus,superioris
1321 3800 1356 3857 C.
1365 3798 1451 3866 Silius,

329 3898 385 3955 que
406 3880 564 3955 proderent,
586 3894 778 3959 opportunum
800 3896 869 3939 tcut-
919 3881 1039 3957 legiones
1052 3883 1199 3957 utriusque
1216 3879 1452 3936 exercitfisdivcr·

328 3978 383 4034 pus
397 3960 483 4017 nacti.
918 3963 955 4019 sis
979 3962 1126 4019 itineribus
1146 3962 1322 4035 objecerunt,
1347 3972 1378 4014 ut
1398 3954 1451 4010 vul·

369 4032 766 4115 'Negotiatoriburltomania
780 4040 867 4119 Angl.
918 4061 970 4115 gus
982 4042 1171 4098 obseratorum
1183 4052 1212 4097 ct
1221 4040 1368 4097 clientium
1378 4036 1395 4093 b
1405 4034 1452 4090 sal·

330 4114 466 4175 Bonkrrs.
921 4122 998 4177 tibus
1011 4131 1146 4177 arcerent.

369 4190 485 4253 ³Aliud
499 4198 607 4274 vulgus.
650 4198 682 4253 In
696 4195 870 4257 Germanici:
962 4198 1029 4256 Ἥ
1043 4197 1242 4274 comprimendi.
1284 4198 1377 4256 Tanto
1401 4212 1451 4251 ma-

330 4274 459 4335 inicriore
475 4275 574 4349 vulgus
599 4296 712 4352 quoquc
735 4280 871 4335 obaerato-
919 4280 967 4352 jor
992 4278 1078 4335 moles
1110 4278 1187 4353 apud
1215 4278 1324 4334 AEduos
1354 4288 1452 4341 exorta,

329 4372 392 4411 rum
408 4366 434 4412 et
448 4355 593 4412 clientium
606 4376 682 4412 arma
695 4359 781 4432 cepit.
924 4369 1031 4433 quanto
1044 4358 1203 4434 opulcntior
1217 4357 1324 4425 civitas,
1333 4367 1361 4412 ct
1373 4372 1452 4412 rcmo·

369 4432 770 4499 *QuibusnomcuArduennra
784 4437 871 4493 Nunc
925 4439 982 4494 tius
996 4437 1167 4513 presidium,
1187 4456 1245 4511 quo
1263 4438 1371 4493 bullum
1385 4452 1452 4491 conr·

327 4512 375 4572 tle
377 4514 474 4593 forest
495 4514 531 4593 of
548 4516 679 4572 Arderme
700 4516 728 4573 iu
750 4516 795 4573 tle
808 4516 872 4573 Loro
927 4518 1103 4593 primerctur.
1130 4517 1175 4573 De
1194 4516 1295 4575 AEduis
1308 4516 1370 4572 vide
1390 4512 1465 4595 rusa

330 4592 485 4653 Cuuatrr'rs.
506 4593 640 4652 Visellius
656 4594 793 4655 inferioris
804 4595 874 4653 Gcr-
927 4596 1031 4657 rinnel.
1046 4614 1092 4655 xr.
1106 4602 1155 4655 25.
