3200 5509
153 532 292 611 nort
430 542 654 603 Aunnnruu
675 541 797 603 nmen
817 540 1019 613 ourn'rus.
1229 556 1288 623 2⁵5

155 700 331 799 quondam
348 696 558 785 Germanici,
582 696 667 769 oum
678 693 773 769 tutia
789 712 975 785 arceretur,
998 692 1173 769 convictus
1183 720 1288 793 peco-

154 815 247 887 niam
256 815 302 887 ob
312 836 387 885 rem
393 810 611 909 judicandam
620 809 760 905 cepisse,
782 816 809 852 “
824 810 1054 883 amovendum
1068 808 1106 881 in
1115 808 1288 883 nsulam’·

155 926 306 1016 censuit,
331 922 425 997 tenti
440 922 656 997 contentione
667 920 783 1010 animi,
808 937 846 993 ut
861 938 898 995 et
903 915 1051 1019 jurando
1062 924 1289 1022 obstringeret

155 1048 185 1087 ‘⁶
201 1038 221 1115 ὲ
234 1038 407 1137 republici
415 1038 451 1111 id
467 1038 576 1111 esse.”
620 1038 727 1132 Quod
742 1034 861 1133 aspere
877 1054 1055 1133 acceptum
1070 1038 1114 1109 ad
1126 1062 1289 1139 pmcne,

157 1154 285 1230 morin
297 1153 434 1227 laudem
449 1151 562 1242 vertit,
585 1174 741 1249 regresso
757 1148 881 1224 Suilio:
907 1174 1013 1247 quem
1034 1150 1118 1223 vidit
1142 1174 1289 1249 sequens

157 1287 237 1345 aetss
261 1282 521 1365 prepotentcm,
548 1264 716 1353 vernalem,
740 1280 774 1337 et
794 1263 931 1337 Claudii
954 1264 1119 1361 Principis
1142 1264 1289 1347 amicitii

155 1382 215 1457 diu
230 1381 408 1479 prospere,
430 1404 621 1475 numquam
636 1376 725 1451 bene
743 1400 855 1451 usum.
904 1377 1149 1473 Eadempoena
1163 1380 1200 1453 in
1222 1382 1289 1459 cn

147 1514 231 1577 turn
241 1495 407 1569 Firmium
420 1510 611 1569 senatorem
626 1490 796 1583 statuitur,
821 1508 995 1587 tamquam
1003 1490 1094 1565 falsis
1109 1496 1289 1591 mnjeotatis

155 1609 352 1692 criminum
372 1632 526 1681 sororem
541 1606 720 1703 petivisset.
765 1606 885 1694 Catus,
910 1622 948 1677 ut
968 1606 1095 1693 retuli,¹
1119 1607 1288 1687 laborem

155 1722 322 1805 ittlexerat
329 1722 468 1811 insidiis,
492 1722 615 1795 deinde
630 1720 753 1793 indicio
769 1720 977 1817 perculerat:
1002 1723 1076 1818 ejus
1086 1746 1201 1817 operae
1218 1746 1288 1795 me·

155 1862 235 1909 mor
250 1837 420 1925 Tiberius,
443 1838 504 1911 sed
516 1836 580 1909 alia
595 1838 824 1933 praetendens,
846 1834 989 1914 exilium
1003 1835 1204 1931 deprecatus
1218 1854 1286 1911 est:
1329 1901 1333 1907 .

154 1950 343 2047 quominus
355 1967 472 2024 senatu
488 1950 684 2047 pelleretur,
707 1972 779 2023 non
794 1946 932 2023 obstitit.

206 2188 265 2251 32.
294 2180 506 2266 Pnnnaoun
540 2202 768 2275 eorumquae
800 2175 916 2265 retuli,
955 2204 1103 2276 quaeque
1130 2176 1289 2267 referam,

152 2314 262 2389 porra
277 2288 429 2381 forsitan,
454 2309 488 2365 et
504 2292 590 2365 levin
605 2308 795 2367 memoratu
811 2292 933 2381 uideri,
956 2315 1029 2366 non
1043 2294 1177 2367 nescius
1192 2318 1287 2369 sum:

84 2398 87 2406 ’
152 2406 219 2479 sed
235 2428 338 2477 nemo
347 2407 499 2481 Annales
510 2422 645 2479 nostros
654 2430 735 2481 cum
745 2405 914 2502 scripturi
930 2431 1052 2479 eorum
1066 2408 1291 2494 contenderit,

152 2518 357 2616 quiveteres
365 2521 483 2616 popuii
494 2521 642 2595 Romani
651 2546 706 2595 res
715 2544 948 2619 composuere.
970 2520 1290 2619 Ingentinillibello,

153 2632 426 2730 expugnationes
439 2634 589 2723 urbium,
599 2633 693 2707 fusos
704 2650 888 2731 captosque
896 2658 996 2733 reges
1001 2664 1012 2724 ς
1030 2632 1139 2723 aut,si
1149 2635 1290 2732 quando

154 2748 198 2819 ad
214 2746 344 2832 interna
359 2766 614 2844 praevertcrent,
639 2748 821 2821 discordias
837 2750 1019 2823 consulum
1033 2748 1219 2823 adversum
1233 2748 1292 2821 tri·

154 2862 283 2949 bunos,
307 2860 452 2959 agrarias
467 2859 771 2959 frumentariasque
780 2862 887 2959 leget,
909 2862 1018 2959 plebis
1029 2879 1063 2935 et
1077 2861 1291 2963 optimatium

155 2964 354 3063 certamina,
379 2974 486 3048 libero
503 3000 641 3074 egressu
653 2977 898 3049 memorabant·
947 2974 1059 3049 Nobis
1072 2974 1109 3047 in
1123 2991 1232 3065 arcto,
1256 2992 1295 3048 et

154 3086 322 3185 inglorius
337 3088 443 3162 labor.
493 3090 639 3161 Immota
654 3088 794 3186 quippe,
818 3104 878 3159 aut
893 3086 1028 3161 modice
1046 3088 1196 3161 lacerno
1208 3114 1291 3184 pax,

153 3218 290 3275 'moestae
310 3202 403 3275 urbis
424 3226 492 3292 res,
518 3220 552 3275 et
566 3202 728 3300 Princeps
750 3200 945 3299 proferendi
956 3202 1088 3297 imperii
1102 3202 1291 3279 incuriosus

158 3332 240 3387 erat.
291 3317 374 3387 Non
389 3332 503 3389 tamen
519 3316 590 3389 sine
606 3341 671 3388 usu
683 3315 798 3405 fiterit,
814 3314 1033 3412 introspicere
1047 3315 1105 3387 iila
1115 3315 1226 3411 pn’mo
1241 3338 1292 3388 as·

159 3446 261 3524 pectu
274 3428 372 3519 levia,
384 3456 429 3505 ex
446 3429 542 3529 queis
551 3452 752 3529 magnarum
764 3453 856 3525 saepe
870 3452 988 3503 rerurn
1000 3446 1113 3507 motus
1123 3428 1288 3505 oriuntur.

210 3667 268 3729 38.
293 3656 390 3729 Nun
424 3674 562 3731 cunctas
586 3657 741 3734 nationes.
759 3675 793 3730 et
819 3660 922 3731 urbes
945 3657 1105 3755 populus,
1138 3672 1198 3732 aut
1223 3655 1290 3753 pri·

160 3790 288 3858 mores,
321 3788 379 3845 aut
401 3770 525 3869 singuli
550 3788 691 3871 regunt:
727 3772 859 3845 delecta
883 3798 929 3846 ex
949 3772 1020 3845 his²
1043 3791 1078 3847 et
1102 3769 1292 3845 consociata

161 3882 357 3979 reipublice
389 3882 513 3975 forma,
542 3886 671 3959 laudari
698 3885 846 3977 facilius,
874 3885 981 3984 quim
1006 3886 1157 3977 evenire3
1182 3885 1290 3964 reici

162 3996 286 4098 evenit,
310 3998 402 4073 haud
430 3998 590 4077 diununa
615 4026 687 4075 esse
705 4020 827 4099 potest.
875 4000 984 4102 Igitur
1009 4018 1048 4077 ut
1072 3998 1168 4091 olim,
1188 3996 1291 4103 plebe

203 4238 213 4267 ¹
238 4242 280 4301 Ut
292 4246 386 4304 retuli.
431 4247 525 4324 Supra
538 4246 644 4307 Annat
664 4264 700 4307 11.
756 4248 849 4318 cilius,
868 4246 1074 4325 quimoronire
1085 4254 1193 4323 potem
1214 4240 1292 4303 vulsi

165 4324 212 4386 ²7·
755 4329 885 4397 creuerit,
895 4328 972 4387 houd
983 4327 1117 4397 diuturna
1125 4345 1182 4385 csse
1191 4338 1292 4401 potest.

202 4396 216 4423 ²
238 4394 354 4461 Detecto
378 4421 411 4461 er
431 4400 482 4461 tie.
523 4402 626 4463 Formo
650 4404 702 4465 rri-
757 4406 994 4475 Evenittandem,
1011 4426 1045 4465 oc
1062 4406 1092 4465 in
1111 4403 1293 4481 Angliicon·

163 4474 288 4555 publicos
310 4500 346 4539 cx
371 4482 415 4540 hie
440 4484 540 4555 tn'bus,
564 4495 701 4565 potestate
755 4488 884 4546 stitutum
908 4486 1044 4545 ridemus.
1070 4484 1173 4544 Utrum
1198 4484 1235 4541 ud
1255 4485 1294 4541 ie-

163 4556 274 4619 scilicet
285 4560 394 4655 populi,
404 4562 570 4638 primorum,
578 4582 612 4621 oc
622 4565 701 4641 regis,
756 4564 892 4626 licitntern
905 4585 940 4624 oc
953 4564 1167 4624 diuturnitatem
1178 4562 1296 4643 Anglici·

165 4635 275 4700 deloco
296 4634 326 4703 ei
351 4640 513 4709 consociare
532 4641 643 4709 laudati
663 4642 703 4743 sn·
758 4645 879 4725 imperii,
887 4646 1017 4741 judicem
1029 4642 1124 4721 Angli.
