3200 5509
179 492 313 552 ,1.014.
462 486 689 547 ANNALIUM
710 482 832 543 mann
852 482 1015 545 PRIMUS.
1266 496 1303 549 43

174 641 584 738 seninepsmrmjussu,
607 637 668 736 qui
690 637 973 729 miscuerat,
998 640 1306 735 quaeperseditio-

174 780 257 830 nem
278 770 531 851 expresserant:
556 768 662 849 utque
686 776 762 825 mos
777 753 896 853 vulgo,
922 753 1074 849 quamuis
1091 752 1181 827 falsis
1206 778 1304 829 reum

173 870 335 957 subdere,
356 866 551 941 Munatium
573 867 739 942 Plancum
757 868 933 943 consulatu
961 865 1147 956 functum·
1184 867 1304 963 priuci-

164 1006 257 1079 pem
266 980 451 1079 legationis,
467 996 642 1055 auctorem
657 982 936 1055 commutanti
951 982 1125 1055 incusant:
1151 997 1186 1054 et
1206 998 1305 1055 nocte

174 1094 340 1171 occubit
363 1094 529 1171 vexillum
564 1095 614 1167 in-
634 1096 739 1169 domo
772 1095 987 1172 Germane?
1027 1096 1129 1169 situm
1156 1094 1304 1193 flagitare

172 1209 365 1306 ocdpiunt:
390 1231 628 1307 concursuque
647 1212 691 1285 ad
703 1215 841 1309 januam
861 1208 965 1300 facto,
988 1210 1175 1286 moliuntur
1189 1206 1301 1285 fores:

172 1340 365 1399 exuacmm
404 1324 523 1399 cubili³
566 1328 751 1415 &sereno
790 1326 924 1399 tradere
964 1324 1141 1411 vexillum,
1175 1323 1303 1403 intento

166 1437 294 1512 mortis
310 1454 417 1527 metu,
441 1438 622 1537 subigunt:
647 1464 732 1514 mox
747 1440 824 1538 vagi
836 1464 898 1536 per
913 1438 996 1526 vias,
1021 1437 1139 1511 obvios
1154 1438 1302 1516 habuere

166 1552 316 1648 legatos,
337 1549 452 1627 auditi
473 1553 753 1639 consternatione,
777 1553 821 1626 ad
846 1550 1091 1628 Geummicum
1106 1550 1300 1625 tendentes:

165 1664 332 1762 'ingerunt
362 1664 604 1755 contumeliam
642 1666 772 1742 mem
810 1682 941 1762 patant,
979 1664 1106 1737 Planco
1139 1664 1301 1752 mnne,

171 1803 277 1875 quem
301 1778 445 1877 dignitas
465 1778 550 1877 fugi
577 1778 817 1875 impediverat:
852 1800 964 1875 usque
989 1776 1081 1851 aliud
1104 1776 1301 1871 periclitanti

169 1893 371 1982 subsidium,
395 1890 501 1989 quim
513 1910 620 1965 castra
634 1892 753 1989 primae
769 1891 931 1989 legionis:
956 1890 1023 1963 illic
1044 1890 1139 1987 signa
1160 1907 1194 1963 et
1209 1890 1300 1987 aqui-

163 2008 240 2083 lam
266 2007 458 2103 anrplomc,
490 2006 653 2105 religione
676 2029 758 2082 'sese
787 2008 979 2087 tutabatur:
1017 2028 1057 2077 ac
1081 2000 1118 2075 ni
1143 2002 1300 2100 aquilifer

169 2121 380 2218 Calpurnius
409 2120 479 2193 vim
510 2137 699 2196 extrentam
730 2120 902 2207 arcuum,
941 2141 1057 2191 rarum
1088 2116 1198 2205 etiarn¹
1212 2118 1300 2193 iuter

166 2236 297 2322 hostes,
320 2233 452 2332 legatus
475 2233 592 2329 poptdi
620 2233 779 2321 Romani,
810 2233 973 2307 Romanis
996 2231 1032 2303 iu
1063 2230 1191 2319 castris,
1226 2254 1298 2307 sau-

166 2348 276 2446 guine
291 2369 355 2419 suo
369 2346 483 2425 altaria
504 2345 645 2421 Deum*
666 2346 985 2424 commaculavisset.
1035 2344 1130 2417 Luce
1146 2345 1298 2434 demum,

160 2459 353 2558 ,postquam
378 2461 465 2548 dux,
487 2476 522 2533 st
544 2460 655 2549 mles,
683 2477 717 2533 et
744 2459 832 2534 facta
859 2462 1096 2547 mscebmtur,
1129 2457 1299 2557 tigrem

164 2590 277 2649 casua
302 2571 540 2663 Germanicus,
563 2573 705 2670 perduci
736 2575 781 2645 ad
806 2598 842 2647 se
866 2573 1030 2659 Plancum
1059 2572 1215 2667 imperat,
1246 2598 1298 2647 ro·

166 2687 317 2784 cipitque
331 2686 367 2759 in
383 2686 539 2759 tribuml.
590 2690 684 2764 Tum
707 2694 733 2772 ‘‚‘
748 2686 910 2762 fatalem”
922 2688 1099 2785 increpans
1119 2694 1145 2729 ‘⁴
1156 2686 1297 2777 rabiem,

167 2811 325 2897 “neque
350 2800 508 2890 militum,
540 2802 600 2875 sed
632 2800 753 2877 Deum
782 2799 835 2873 irai
866 2802 1081 2899 resurgere,”
1106 2824 1170 2875 cur
1197 2821 1297 2875 veno-

162 2915 237 2989 n'nt
272 2914 372 3012 legati
394 2914 522 3010 aperit:
557 2922 583 2957 “
611 2918 669 3014 jus
694 2914 879 3013 legationis,
912 2930 1013 3013 atque
1044 2914 1148 3009 ipsius
1180 2914 1295 2987 Planci

166 3038 192 3073 “
207 3053 350 3128 gravem
374 3045 409 3100 et
433 3026 640 3100 immeritum
658 3053 786 3116 casum,
811 3029 910 3101 simul
937 3043 1100 3124 quantum
1122 3028 1296 3101 dedecoris
1324 3118 1326 3125 y

166 3140 327 3215 “adierit
363 3140 490 3239 legio,”
530 3138 677 3214 facunde
706 3142 902 3215 miseratur:
940 3138 1146 3237 attonitique
1176 3141 1296 3239 magis,

165 3254 274 3353 quim
289 3252 404 3352 quieti
414 3250 590 3342 concione,
605 3255 733 3353 legatos
744 3255 900 3351 praesidio
916 3254 1126 3327 auxiliarium
1142 3254 1295 3351 equitum

166 3368 312 3439 dinuttit.

214 3606 275 3667 40.
299 3596 356 3667 Eo
379 3618 422 3666 ur
449 3618 558 3667 unru
585 3618 728 3696 arguere
760 3597 1005 3671 Gennanicum
1033 3618 1163 3683 omnes,
1197 3594 1293 3693 quod

166 3732 238 3781 uon
263 3708 305 3780 ad
334 3708 542 3805 superiorem
569 3707 757 3782 exercitum
780 3726 949 3809 pergeret,
983 3710 1041 3781 ubi
1064 3707 1236 3803 obsequia,
1261 3724 1295 3781 et

166 3840 286 3895 contra
311 3823 455 3895 rebelles
486 3822 661 3896 auxilium.
712 3824 849 3897 “Satis
881 3848 1049 3919 superque
1074 3820 1229 3893 trusione
1259 3836 1294 3893 et

208 4020 218 4045 ¹
242 4018 394 4077 Consulatu
410 4016 553 4096 junctum.
595 4018 702 4077 Consul
758 4021 806 4077 sod
820 4038 961 4079 concursu
982 4028 1010 4076 et
1029 4017 1199 4075 clamoribus
1220 4017 1293 4075 mili·

169 4100 261 4157 luerut
278 4117 345 4156 cum
359 4097 430 4155 Silio
451 4098 561 4175 Nepote
571 4116 644 4155 anno
657 4118 705 4156 su·
760 4110 832 4169 tum,
857 4108 891 4157 ut
915 4098 991 4156 recu
1017 4098 1143 4177 explicat
1169 4097 1216 4158 Cl.
1241 4098 1292 4155 Er-

169 4179 289 4254 periorc,
302 4178 339 4234 U.
354 4178 389 4234 C.
404 4172 472 4242 766.
486 4178 514 4235 l.
526 4178 560 4233 C.
577 4183 623 4235 13.
759 4188 863 4235 nestus.

207 4252 222 4279 ²
236 4254 370 4315 Vexillum
391 4257 420 4313 in
439 4257 515 4313 domo
534 4254 703 4315 Germanici.
797 4254 940 4315 *Altaria
962 4252 1063 4314 Deum.
1105 4256 1190 4333 Signa
1214 4268 1293 4315 erunt

171 4334 317 4392 Vexillum
342 4336 564 4412 imperatorium,
589 4336 704 4409 dequo
759 4335 900 4412 legionum
919 4336 1044 4393 numina.
1087 4337 1124 4393 lis
1147 4337 1232 4393 utiam
1253 4336 1294 4392 as-

170 4414 254 4493 plura
279 4415 398 4472 dicenda
417 4424 483 4472 sunt
505 4414 588 4473 iufra.
628 4414 703 4471 Vidc
759 4416 824 4472 fixae
849 4415 1014 4473 deorumst
1036 4415 1198 4494 principum
1225 4414 1294 4473 imu-

170 4503 229 4551 not.
238 4509 266 4550 et
275 4493 382 4551 emend.
396 4494 432 4551 ad
446 4498 523 4551 Ann.
538 4512 561 4551 1.
575 4499 624 4560 39.
759 4494 844 4573 gincs.
887 4492 1076 4554 ludcaltaria.

210 4566 223 4602 ³
245 4570 408 4642 Patroclum
433 4573 526 4633 cubili.
575 4574 703 4645 Notavi,
759 4574 763 4580 “
