3200 5509
231 527 238 533 “
370 515 430 573 ΑΙ)
452 514 536 583 LlB.
548 511 605 571 111.
625 512 727 571 ANN.
749 510 785 571 C.
806 510 931 571 CORN.
951 508 1099 571 TAClTl.
1246 502 1305 571 463

195 663 248 729 At
268 663 313 735 Q.
335 664 499 733 Haterius.
552 662 725 729 Beroaldus
744 662 857 750 aliique
878 675 1004 743 veteres,
1030 674 1121 750 atque
1143 638 1305 729 Haterini.

153 775 295 860 Optime
311 775 442 862 Lipsius
456 788 488 839 et
500 774 694 854 recentiores,
708 783 743 839 at
760 771 801 842 Q.
818 773 977 839 Haterius.

150 928 155 938 ·
198 884 346 951 Tantdm
371 884 507 975 iufamia
532 908 650 952 marna
707 884 832 949 Frustra
866 895 962 961 tentat
989 882 1306 963 Herennianum.

148 996 234 1061 vra.
249 996 356 1063 mac.
371 996 451 1061 ors.
469 1017 523 1061 rx.
537 1004 611 1091 aaa.

197 1214 296 1279 Car.
321 1221 376 1279 58.
430 1214 541 1279 Asiam
560 1225 641 1279 sorte
661 1214 797 1281 haberet.
846 1213 1023 1281 Gronovius
1047 1216 1197 1295 emendat,
1223 1212 1307 1283 Asta

149 1333 266 1389 sortem
293 1323 433 1389 haberet.
477 1326 549 1389 Nec
569 1324 660 1406 mali,
682 1325 708 1389 si
728 1339 829 1389 tamen
843 1324 931 1390 locus
944 1326 1154 1391 emendatione
1166 1325 1307 1409 indigeat.

151 1434 251 1501 Licet
263 1434 353 1499 enim
366 1436 434 1499 duae
448 1434 508 1501 illae
522 1434 784 1520 provincianis
796 1448 829 1500 et
842 1436 957 1515 Africa,
972 1448 1052 1501 sorte
1065 1437 1257 1515 haberentur,
1269 1458 1306 1503 ac

151 1543 301 1629 proinde,
323 1546 490 1630 prorogati
511 1545 602 1625 Asia,
623 1544 707 1610 nulla
730 1547 798 1632 jam
819 1570 876 1630 pro
899 1545 977 1611 Asia
999 1532 1069 1611 sors
1087 1560 1175 1626 esset,
1205 1546 1307 1632 potnit

149 1666 260 1719 tamen
276 1654 404 1721 Servius
418 1656 584 1740 postulare,
609 1670 654 1734 ut,
673 1669 827 1742 tamquam
848 1654 1053 1721 consularium
1073 1657 1306 1743 antiquissimus,

153 1764 270 1829 Asiam
286 1778 373 1831 sorte
385 1766 521 1830 haberet.
565 1766 645 1829 Eam
660 1765 741 1829 euim
755 1766 815 1850 ipsi
830 1788 895 1831 sors
909 1766 1113 1850 permittebat.

198 1874 239 1939 Si
258 1875 297 1939 111·
319 1874 473 1941 desinent
488 1877 675 1961 provincias.
720 1875 890 1960 Perperam
910 1878 1095 1957 emendatur,
1120 1877 1307 1961 direxissent,

150 1986 327 2062 resineam
352 1984 400 2048 vel
425 1985 590 2063 densent,
614 2008 673 2071 pro
696 1996 774 2050 sorte
794 1985 950 2051 duxissent
977 1986 1135 2071 accipitur.
1169 1987 1307 2055 Maliba

151 2094 357 2180 Rurgersias,
383 2096 529 2161 Venusia.
567 2095 732 2161 lectiones
760 2118 828 2179 cap.
858 2103 911 2159 25.
940 2098 1091 2175 observat,
1122 2098 1230 2165 anem
1256 2098 1306 2163 hic

151 2207 303 2292 usurpari
316 2218 352 2270 ut
364 2204 383 2269 d
397 2205 580 2289 Thucydide
593 2206 761 2290 ceterisque
777 2204 895 2269 Graecis
909 2206 1046 2291 ἡγεῖσθαι,
1061 2230 1173 2295 regere.
1270 2235 1274 2241 ¹

199 2315 281 2382 Non
303 2314 504 2383 amdationi.
549 2315 678 2401 Optimi
704 2315 858 2381 Muretus.
903 2314 993 2379 Male
1016 2316 1047 2379 in
1070 2318 1221 2385 veteribus
1242 2322 1305 2385 edi·

151 2426 308 2507 tionibus,
323 2426 524 2491 cumulatione.

197 2538 274 2603 Aat
295 2536 432 2623 privatis
455 2533 686 2623 adfectionibus.
736 2534 894 2601 Acidaliae
916 2536 1086 2619 omittebat,
1107 2552 1173 2607 aut.
1218 2540 1304 2609 Reti.

155 2647 222 2713 ueri
237 2659 356 2733 potest.

200 2876 298 2945 Cae.
320 2888 373 2955 59.
418 2880 493 2947 Hac
505 2878 659 2947 decidisse
703 2878 754 2945 Ita
774 2879 852 2946 MS.
874 2880 958 2947 flor.
978 2882 1125 2951 editiones
1144 2900 1260 2955 veteres
1273 2900 1305 2955 et

154 2992 355 3057 recentiores.
400 2990 526 3077 Lipsius
539 2993 759 3070 emendaverat,
774 2992 920 3059 recidisse.
964 2994 1060 3067 Quod
1080 2997 1176 3080 magis
1200 2998 1305 3139 vulga-

154 3110 234 3181 tum,
249 3102 305 3165 sed
320 3100 447 3166 minime
461 3101 675 3166 necessarium.
1365 3095 1371 3110 ’

170 3209 332 3277 Bellum
357 3211 483 3277 seilicet.
536 3210 650 3291 Mallet
679 3211 813 3296 lipsius,
838 3212 926 3292 bello,
951 3214 999 3281 vel
1024 3216 1101 3283 dello
1126 3240 1204 3285 mm.
1257 3225 1305 3290 Ar

154 3334 263 3412 potest
277 3320 417 3405 intelligi,
431 3344 500 3387 esse.

201 3428 341 3496 Diverso
355 3442 509 3497 rmamm
525 3432 675 3497 distineri.
720 3432 900 3517 Corrigebat
921 3435 1079 3516 Heinsius,
1102 3438 1304 3509 diameter·

155 3562 268 3605 aarum
281 3540 432 3606 distinere
476 3541 515 3607 In
534 3544 714 3629 qnibnsrbm
734 3543 917 3611 editionibus
936 3546 1061 3611 minimi
1074 3548 1204 3635 antiquis
1218 3553 1303 3619 addi·

154 3650 369 3731 iamdictus
384 3661 538 3718 terraram
551 3664 663 3719 tractu.
707 3653 795 3718 Nihil
810 3656 992 3737 addendum,
1012 3656 1085 3729 nihil
1099 3664 1288 3727 mutandam.
1380 3644 1381 3649 ἵ

167 3806 171 3814 ·
203 3758 285 3825 Cim
308 3761 439 3828 maniaci
454 3774 685 3851 peragrantem.
729 3761 779 3829 Ita
797 3764 877 3831 MS.
894 3765 978 3830 Flor.
994 3766 1150 3845 Muretus,
1166 3768 1303 3839 Picberra

158 3882 192 3934 et
204 3870 398 3937 recentiores.
449 3872 617 3958 Perpetem
632 3874 802 3939 Beroaldus
816 3874 927 3963 aliique
941 3890 1067 3956 veteres,
1083 3888 1148 3941 tam
1160 3880 1301 3948 manat.

202 4091 295 4157 Cae.
317 4090 370 4153 61.
415 4084 462 4150 Et
486 4085 588 4151 lucam
615 4084 790 4175 Ortygiam.
827 4090 956 4175 Optimi
970 4095 1141 4161 emendavit
1157 4098 1302 4184 Pichenn,

158 4222 252 4286 quem
266 4196 449 4263 recentiores
461 4209 532 4261 sunt
546 4196 653 4261 secuti
680 4197 849 4283 Perperam
864 4201 1034 4267 Beroaldus
1048 4203 1159 4293 aliique
1174 4222 1301 4294 veteres,

159 4309 317 4381 etiosam
348 4306 516 4395 Ortigiam.
573 4306 679 4372 Lucus
713 4307 764 4373 ille
791 4308 919 4397 aliaeque
949 4312 1155 4397 Ephesiorum
1189 4322 1301 4391 fabular

160 4430 366 4485 memorantur
390 4416 410 4481 d
433 4418 596 4497 Strabone,
620 4440 697 4482 xrv.
720 4442 754 4505 p.
779 4421 853 4495 639.
897 4419 945 4489 Ἐν
968 4426 995 4489 δὲ
1020 4430 1055 4513 τῇ
1079 4432 1151 4518 αὐτῇ
1171 4434 1301 4521 eapaalq'r
1399 4465 1402 4473 =

161 4530 259 4621 magis
284 4532 350 4618 iaip
378 4535 427 4610 τῆς
460 4528 600 4610 θαλάττης
632 4532 695 4597 ieri
727 4532 776 4598 sal
805 4540 821 4613 sl
848 4534 999 4623 Ὀρτυγία,
1037 4540 1181 4628 διαπρεπὲς
1208 4540 1300 4619 ἄλσος
