3200 5509
236 484 300 551 xxii
664 479 923 549 PRAEFA'I'IO.

239 684 452 796 singularis
488 681 738 765 consulatus.
811 681 1069 791 Dignitatem
1105 681 1216 762 enim
1260 704 1372 761 anno

196 872 198 875 ·
240 828 370 911 Urbis
406 826 595 908 Conditae
624 834 718 910 850.
745 824 871 905 iniere
893 822 1042 903 Nerva
1054 822 1265 931 Augustus
1285 820 1371 903 ΙΙΙ.

239 988 284 1055 et
315 970 530 1080 Verginius
561 968 695 1049 Rufus
724 965 808 1047 III.
847 964 1032 1047 consules
1048 995 1060 1057 ;
1106 965 1175 1050 ille
1200 965 1372 1073 imperio

241 1114 348 1225 oegre
368 1114 582 1223 capessito,
602 1112 667 1192 hic
683 1109 846 1191 adserto
866 1108 963 1191 olim
979 1120 1022 1191 et
1036 1119 1172 1218 spreto
1189 1107 1371 1188 illustris:

241 1268 417 1366 utroque
450 1257 616 1339 consule
649 1256 796 1364 dignus
814 1253 996 1349 Tacitus,
1025 1252 1221 1361 inopem,
1249 1276 1375 1359 quam

241 1400 326 1483 cito
345 1414 432 1483 erat
450 1408 740 1507 occupaturus,
769 1394 1019 1504 designatus.
1075 1394 1127 1475 In
1153 1392 1232 1491 hoc
1266 1392 1376 1473 enim

244 1544 394 1652 privati
413 1540 589 1623 hominis
608 1539 770 1649 fastigio
786 1536 1004 1647 Verginius
1013 1538 1157 1617 morbo
1168 1537 1377 1643 correptus

243 1696 332 1766 est:
361 1683 457 1765 dein
490 1679 733 1792 paulopost
765 1683 987 1776 extinctus,
1016 1682 1112 1762 crlm
1142 1680 1378 1761 excessisset

243 1854 400 1909 annum
421 1828 582 1907 tertium
603 1838 647 1905 et
665 1825 961 1934 octogesimum
973 1853 985 1915 3
1013 1824 1172 1905 cunctis
1203 1821 1378 1903 fortunae

245 1978 290 2051 et
307 1970 505 2053 virtutum
524 1968 813 2079 experimentis
840 1970 894 2049 ab
915 1969 1092 2079 Augusti
1124 1994 1292 2049 excessu
1323 1964 1378 2047 ad

245 2112 337 2195 haec
367 2138 498 2219 usque
527 2110 677 2192 Nervae
706 2124 912 2220 tempora,
928 2112 1137 2220 probatus.
1194 2110 1259 2191 Ut
1292 2111 1379 2217 ejus

245 2254 358 2349 vitae,
387 2254 512 2335 itaet
538 2254 660 2339 morti
688 2253 830 2362 ingens
863 2240 1119 2335 circumdata
1147 2264 1210 2334 cst
1237 2253 1377 2362 gloria.

236 2396 435 2479 =Ductum
465 2394 677 2505 publicum
705 2397 827 2479 funus
840 2426 851 2489 ;
894 2410 936 2478 et
955 2396 1187 2510 Verginius,
1233 2394 1381 2476 acon-

246 2540 335 2620 sule
362 2536 550 2622 Cornelio
573 2538 719 2621 Tacito
747 2513 987 2649 prorostris
1014 2540 1216 2634 laudatus,
1244 2564 1382 2645 supre-

248 2710 364 2763 mum
397 2680 506 2765 hunc
535 2682 740 2764 felicitatis
763 2684 972 2775 cumulum
991 2682 1169 2800 aceepit,
1197 2680 1383 2767 laudato·

249 2850 336 2927 rem
354 2824 760 2933 eloquentissimum.¹

241 3153 247 3163 ¹
306 3113 368 3195 At
385 3115 566 3195 maxima
582 3113 703 3223 hujus
731 3116 965 3197 consulatus
995 3116 1082 3196 laus
1114 3115 1193 3196 fuit
1215 3112 1381 3225 Trajani

252 3256 438 3366 adoptio,
458 3260 542 3363 qua
561 3258 753 3339 securitas
772 3258 953 3366 publica,
970 3259 1025 3340 ob
1041 3259 1208 3340 senilem
1235 3254 1385 3339 Nervoe

256 3409 420 3483 aetatem
458 3399 642 3481 nondum
680 3399 808 3495 firma,
837 3400 958 3482 robur
993 3399 1219 3482 adsumsit.²
1275 3398 1383 3483 Crlm

258 3542 459 3624 ferverent
485 3540 708 3625 exultantis
730 3540 859 3626 Urbis
882 3543 1046 3652 gaudia,
1073 3541 1241 3625 Tacitus
1260 3544 1389 3625 soceri

259 3685 323 3767 sui
340 3682 367 3769 J
372 3682 443 3767 ulii
457 3682 672 3791 Agricolae,
692 3686 764 3793 qui
778 3686 885 3769 hanc
903 3699 1133 3796 temporum
1152 3684 1390 3766 felicitatem

260 3825 430 3935 augurio
462 3826 648 3935 votisque
682 3839 771 3910 erat
805 3829 1035 3924 ominatos,³
1066 3830 1194 3909 vitam
1225 3853 1393 3937 compo·

258 3968 372 4061 suit3
416 3966 642 4075 priorisque
675 3971 878 4053 servitutis
906 3971 1104 4053 memoria
1130 3970 1393 4081 presentium

308 4297 424 4363 ¹Pliu.
439 4297 540 4385 Epist.
557 4320 597 4363 rr.
623 4308 650 4363 l.
896 4296 1394 4391 'Tacitineademvitngria

308 4388 322 4418 ²
342 4382 444 4452 Tacit.
457 4384 521 4452 vit.
534 4385 641 4473 Agris.
655 4406 723 4471 cap.
737 4392 768 4451 3.
854 4406 922 4473 cap.
935 4396 989 4455 44.
