3200 5509
843 201 960 264 492
1435 191 1682 250 NOTAE
1724 188 1826 248 ET
1866 188 2527 251 EMENDA‘rloNEs

939 343 1129 409 Haud
1157 340 1352 406 multo
1379 363 1552 404 secus
1581 338 1794 403 virium
1827 339 1889 402 in
1918 338 2223 405 sociorum
2245 341 2515 422 navibus,
2542 341 2651 406 alis
2672 356 2731 408 et
2758 344 2999 409 auxiliis.

925 453 1096 516 Tota
1136 451 1285 536 ergo
1334 449 1605 514 militaris
1650 449 2073 512 Romanorum
2119 474 2213 514 res
2255 450 2372 515 fuit
2413 452 2649 525 Tiberii
2691 466 2866 517 aetate
2907 456 3079 520 homi-

849 585 992 628 num
1008 590 2817 617 ··········································
2830 564 3087 640 608‚300

853 669 1316 755 computationi
1360 681 1579 733 nostrae
1624 667 1983 751 suffragatur
2010 668 2325 752 Agathias,
2357 670 2483 754 qui,
2526 671 2665 734 cum
2712 670 2800 734 rei
2842 669 3089 734 militaris

849 778 1142 844 incuriam
1165 776 1226 841 in
1253 778 1297 844 J
1304 777 1595 844 ustiniano
1617 779 2091 862 reprehenderet,
2114 777 2215 856 ait,
2242 778 2409 842 Hist.
2433 779 2476 844 J
2482 779 2758 844 nstinian.
2792 801 2858 842 v.
2879 803 2941 863 p.
2969 788 3091 845 15⁴2.

857 894 943 954 Τοὶ
969 893 1084 976 γὰρ
1128 895 1235 953 τῶν
1273 886 1566 968 Ρωμαίων
1609 887 2015 975 στρατεύματα
2053 891 2113 952 οὖ
2156 895 2411 952 τοσαῦτα
2464 887 2898 970 ὃιαμεμενηκότα
2936 889 3095 952 ὁπόσα

855 1105 1221 1194 περιελθόντα,
1254 1102 1351 1169 οὔκ
1378 1104 1455 1168 ἐ’τι
1485 1111 1566 1190 τῷ
1592 1102 1807 1191 μεγέθει
1836 1109 1933 1181 τῆς
1960 1105 2241 1181 πολιτείας
2271 1107 2544 1195 εξῆςκουν·
2588 1105 2700 1170 δέον
2729 1111 2852 1194 γοὶς
2881 1133 2931 1179 ες
2957 1103 3096 1169 πέντε

858 1217 955 1280 καὶ
1002 1214 1427 1303 τεσσαράκοντα
1478 1242 1573 1279 και
1624 1214 1918 1293 ἑξακοσίας
1956 1215 2232 1300 χιλιάδας
2277 1216 2553 1300 μαχίμων
2597 1219 2802 1302 ἀνδρῶν
2849 1218 2945 1291 τὴν
2992 1213 3102 1290 ολην

856 1325 1178 1413 α’γεῖςεσθαι
1205 1324 1449 1407 ὃυντῧμιν,
1493 1325 1657 1407 μόλις
1703 1330 1755 1388 ἐν
1782 1330 1864 1409 τῷ
1890 1325 2016 1388 τότε
2054 1329 2127 1399 εἰς
2154 1325 2493 1402 πεντήκοντα
2520 1324 2614 1413 καὶ
2640 1326 2843 1389 ἑκατὸν
2880 1349 3103 1411 πεςιεισ-

857 1433 1034 1512 τήκει.
1121 1441 1164 1472 “
1212 1433 1634 1499 Romanorum
1663 1434 1957 1499 exercitus
1984 1457 2105 1496 non
2144 1433 2314 1511 tanti,
2343 1434 2551 1518 quanti
2578 1434 2728 1498 olim
2757 1437 2876 1498 sub
2915 1432 3111 1497 veteri-

861 1547 977 1608 bus
995 1543 1458 1628 imperatoribus
1481 1547 1740 1623 fuerant,
1764 1555 2243 1629 permanserant;
2272 1544 2377 1605 sed
2398 1543 2473 1606 ad
2497 1542 2808 1607 minimam
2832 1543 3112 1628 quandam

863 1652 1206 1738 portionem
1254 1654 1498 1734 redacti,
1545 1678 1668 1718 non
1707 1652 1965 1738 amplius
2003 1651 2395 1736 magnitudini
2440 1652 2676 1739 imperii
2724 1677 2905 1737 pares
2943 1664 3114 1714 erant.

867 1762 1032 1827 Cum
1111 1762 1271 1827 enim
1338 1763 1623 1828 universae
1686 1764 2107 1827 Romanorum
2167 1761 2317 1825 vires
2376 1763 2672 1828 sexcentis
2739 1759 3116 1849 quadraginta

868 1861 1134 1958 quinque
1160 1873 1527 1938 bellatorum
1557 1873 1825 1937 millibus
1854 1885 2127 1938 constare
2156 1873 2464 1952 deberent,
2493 1873 2651 1956 aegre
2679 1885 2813 1937 tum
2841 1868 3119 1955 temporis

870 1995 1113 2045 centum
1144 1982 1574 2068 quinquaginta
1606 1981 1875 2046 millibus
1904 1981 2315 2046 constabant.”

960 2091 1118 2163 Quae
1161 2093 1236 2154 de
1272 2091 1628 2156 militaribus
1674 2092 2093 2156 Romanorum
2138 2091 2360 2155 viribus
2397 2092 2685 2155 hactenus
2730 2091 3014 2167 diximus,
3058 2088 3122 2149 de

875 2200 1136 2287 pacifica
1163 2200 1401 2266 Tiberii
1431 2214 1605 2266 aetate
1632 2214 1772 2266 sunt
1816 2198 2222 2285 intelligenda.
2311 2201 2473 2264 Cilm
2499 2199 2699 2284 gravia
2726 2200 2892 2264 enim
2930 2202 3125 2284 flagra·

877 2321 1009 2374 rent
1063 2308 1246 2390 bella,
1312 2311 1605 2375 immensa
1659 2324 1828 2374 erant
1901 2309 2207 2375 sociorum
2262 2309 2516 2374 auxilia:
2582 2310 2854 2394 legiones
2903 2334 3128 2396 quoque

878 2418 1459 2504 multiplicabantur.
1544 2420 1712 2485 Ante
1753 2419 2167 2485 Mutinensem
2210 2443 2495 2504 pugnam,
2541 2419 2600 2483 iu
2645 2422 2770 2505 qua
2810 2420 3036 2484 Brutus
3075 2435 3128 2484 et

885 2528 1134 2594 Cassius
1174 2529 1464 2608 cecidere,
1496 2552 1712 2595 xmu.
1743 2529 2011 2614 legiones
2038 2542 2308 2594 numerat
2337 2529 2658 2614 Appianus
2688 2531 2766 2594 de
2798 2529 2960 2594 Bell.
2987 2529 3126 2595 civil.

888 2661 952 2702 v.
981 2664 1044 2724 p.
1065 2641 1212 2708 674.
1262 2661 1535 2703 xxvnr.
1566 2641 1830 2704 habebat
1859 2640 2179 2718 Antonius,
2219 2651 2370 2702 teste
2404 2641 2618 2701 eodem
2652 2639 2970 2724 Appiano,
2998 2640 3127 2704 ibid.

885 2747 1044 2811 Vide
1071 2761 1132 2810 et
1159 2747 1410 2813 Antonii
1440 2772 1743 2815 nummos.
1834 2749 1996 2815 cum
2038 2749 2213 2814 latius
2251 2748 2681 2834 imperitatum,
2724 2749 2963 2815 auctior
2999 2774 3128 2836 quo-

887 2881 1007 2944 que
1028 2856 1332 2943 legionum
1360 2882 1662 2924 numeruS.
1746 2858 2023 2945 Triginta
2049 2859 2314 2944 legiones
2340 2859 2547 2922 habuit
2573 2859 2918 2945 Trajanus:
2965 2882 3129 2923 novas
3191 2940 3194 2941 ⁷

888 2967 1083 3032 adhuc
1116 2967 1397 3032 addidere
1426 2969 1529 3032 M.
1550 2969 1894 3034 Antoninus
1912 2982 1973 3034 et
1998 2969 2271 3048 Severus,
2294 2969 2425 3032 vide
2456 2968 2748 3047 Dionem,
2788 2990 2897 3031 ιν.
2919 2994 2980 3054 p.
3002 2973 3128 3034 564.

976 3078 1289 3142 Incertum
1319 3076 1548 3165 fuerit.
1638 3078 1734 3143 Ita
1762 3079 2005 3166 Lipsius
2034 3096 2094 3144 et
2131 3079 2507 3145 recentiores.
2596 3077 2776 3143 Male
2818 3077 3129 3142 Beroaldus

888 3201 949 3253 et
970 3201 1214 3268 veteres,
1237 3187 1534 3252 incertum
1542 3186 1708 3276 fuit.

980 3412 1158 3476 CAP.
1187 3422 1248 3483 7.
1300 3410 1478 3476 Comi
1504 3411 1628 3477 vici.
1715 3413 1876 3479 Vere
1922 3427 1984 3478 et
2031 3413 2331 3498 eleganter
2376 3412 2624 3478 dictum.
2714 3412 2942 3498 Neque
2981 3409 3130 3474 aliter

889 3521 1149 3600 Plinius,
1182 3544 1416 3585 xxxv.
1449 3533 1510 3587 4.
1564 3522 1841 3588 Tiberius
1873 3498 2078 3588 Cesar
2104 3522 2347 3588 minim&
2375 3523 2554 3587 comis
2577 3525 2929 3608 imperator.
3001 3521 3130 3584 Pes·

888 3630 1038 3696 sime
1066 3633 1213 3718 ergo
1243 3631 1558 3697 Acidalius
1585 3636 1881 3715 emendat,
1912 3659 2043 3700 cum
2072 3635 2154 3699 vi.

976 3854 1154 3917 CAP.
1201 3866 1259 3922 8.
1314 3856 1551 3925 Quibus
1584 3835 1991 3944 adprehensis.
2080 3825 2182 3937 lta⁸
2204 3856 2342 3921 libri
2372 3880 2580 3920 omnes
2609 3854 2774 3920 editi.
2805 3854 2958 3919 MS.
2986 3850 3125 3917 Flor.

887 3965 1213 4051 adprensis.

978 4071 1231 4161 Sibique
1259 4088 1316 4139 et
1351 4080 1613 4162 posteris
1657 4074 2086 4167 conformaret.
2174 4076 2270 4142 Ita
2301 4077 2452 4146 MS.
2484 4077 2653 4143 Flor.
2680 4077 2969 4142 editiones
2992 4083 3127 4136 vete-

888 4174 984 4254 res
1010 4197 1071 4251 et
1098 4185 1480 4258 recentiores.
1568 4187 1839 4274 Lipsius,
1862 4187 2262 4276 corfirmaret.
