3200 5509
187 568 218 633 J.
232 570 266 630 C.
279 574 328 629 22.
463 558 686 621 ANNALIUM
706 558 827 617 LIBER
845 556 1024 621 TERTIUS.
1254 572 1313 629 205

186 722 285 796 citior
299 714 447 793 adulatio
462 712 548 787 luit:
573 736 637 785 nec
659 727 773 785 tamen
796 728 983 807 repertum,
1007 714 1070 787 nisi
1094 722 1120 759 “
1136 734 1174 791 ut
1190 718 1317 817 effigies

187 842 217 881 “
232 833 442 930 Principum,
457 854 531 902 aras
545 826 680 915 Dellrn,
704 826 833 921 templa
856 844 890 897 et
914 831 1051 917 arcus,''
1074 830 1204 928 aliaque
1218 834 1318 907 solita

189 963 377 1021 censerent.
426 943 502 1018 Nin‘
530 940 626 1038 quod
652 942 705 1013 M.
720 940 857 1013 Silanus
881 965 927 1011 ex
943 943 1148 1015 contumelii
1163 948 1316 1019 consula

189 1060 263 1149 tus,
291 1060 456 1132 honorem
476 1054 688 1151 Principibus
713 1054 848 1150 petivit:
873 1053 1028 1149 dixitque
1051 1081 1116 1151 pro
1139 1060 1316 1150 sententii,

188 1180 218 1217 ‘⁶
233 1189 272 1246 ut
296 1170 439 1268 publicis
464 1168 667 1265 privatisque
691 1165 919 1252 monimentis,
943 1166 988 1237 ad
1013 1171 1211 1243 memoriam
1232 1190 1318 1247 tem.

185 1292 217 1348 .“
232 1290 371 1381 porum,
391 1306 463 1355 non
488 1282 669 1355 consulum
686 1280 825 1353 nomina
844 1280 1155 1375 pmtcrlbermrtun
1179 1288 1240 1357 sed
1261 1314 1318 1359 eo·

189 1405 215 1443 “
231 1422 324 1486 rum,
350 1397 410 1494 qui
427 1395 640 1469 tribuniciam
662 1410 861 1490 potestatem
875 1396 1070 1491 gererent.”
1119 1401 1170 1468 At
1187 1400 1234 1490 Q.
1247 1402 1317 1471 Ha.

189 1512 308 1600 terius,
325 1512 409 1585 ‘cum
437 1518 462 1556 ‘⁶
479 1513 552 1607 ejus
565 1510 633 1581 diei
649 1508 936 1587 senamsconsulta
949 1506 1059 1590 aureis
1074 1508 1177 1599 literis
1189 1514 1198 1543 ¹
1210 1512 1317 1608 figen.

191 1632 217 1671 “
234 1626 278 1697 da
292 1625 328 1697 in
344 1622 462 1696 curii’'
487 1622 681 1709 censuisset,
697 1620 884 1693 deridiculo
900 1616 977 1710 fuit,
1001 1644 1106 1693 senex
1121 1620 1317 1702 foedissimae

191 1738 389 1813 adulationis
404 1737 540 1815 tantum
555 1733 693 1811 inlunii
709 1737 860 1812 usurus.¹

239 1976 298 2037 58.
323 1968 450 2037 latren
473 1986 564 2061 quae,
589 1962 763 2061 provincii
792 1962 912 2036 Africa
939 1963 1040 2039 Iunio
1068 1964 1202 2037 Blaeso‘
1239 1990 1316 2062 pro-

187 2078 322 2177 rogati,
348 2078 484 2151 Servius
501 2078 745 2175 Maluginensis
757 2077 881 2149 flamen
895 2075 1016 2163 Dialis,
1040 2093 1078 2148 ut
1093 2078 1211 2149 Asiam
1226 2096 1317 2151 sorte

190 2191 349 2265 haberet⁴
363 2190 563 2287 postulavit3
577 2198 603 2233 “
616 2189 951 2286 frusmvulgatum”
971 2188 1145 2261 dictitans:
1159 2198 1184 2232 “
1200 2216 1271 2263 non
1280 2192 1318 2264 li·

190 2308 217 2347 “
235 2328 313 2376 cere
328 2304 482 2375 Diahbus
499 2303 615 2400 egredi
631 2302 746 2375 ltalii:
772 2326 885 2398 neque
900 2301 992 2373 aliud
1004 2304 1060 2398 jus
1076 2327 1189 2390 suum,
1211 2302 1317 2399 quim

189 2424 216 2459 “
234 2416 455 2504 Martialium,
489 2414 784 2511 Quirinaliumque
821 2414 1041 2487 flaminumz⁵
1080 2416 1187 2511 porrb
1218 2417 1246 2489 si
1281 2418 1317 2489 bi

187 2536 217 2589 ·“
233 2528 409 2607 duxissent
418 2527 618 2623 provincias,
631 2552 694 2601 cur
702 2528 857 2601 Dialibus
871 2528 907 2598 id
918 2526 1084 2599 vetitum?
1107 2529 1201 2601 nulla
1215 2531 1260 2603 de
1275 2556 1318 2603 eo

188 2649 216 2703 -“
233 2642 350 2738 populi
366 2641 459 2730 scita,
481 2665 551 2713 non
567 2640 602 2712 in
624 2641 717 2713 libris
733 2641 1004 2714 cerimoniarum
1019 2641 1168 2736 reperiri.
1218 2646 1316 2740 Saepe

190 2756 409 2851 “pontifices
426 2754 538 2829 Dialia
565 2778 658 2827 sacre
683 2752 814 2843 fecisse,
845 2753 874 2827 si
895 2753 1018 2825 flamen
1033 2754 1236 2845 valetudine,
1258 2774 1317 2829 aut

189 2875 216 2911 “
233 2892 373 2959 muniere
388 2868 539 2967 publico,
559 2868 790 2969 impediretur,
839 2870 910 2943 Sex
927 2884 961 2939 et
972 2868 1181 2967 septuaginta
1196 2866 1315 2949 annis⁶

190 3098 267 3153 tebnt
290 3094 431 3155 Tiberius.
490 3096 557 3154 ldto
582 3096 726 3173 quaesitlor
775 3098 1083 3174 jani‚tupracap.35.
1108 3098 1312 3175 Eteoueprop-

186 3174 245 3231 tun
258 3176 394 3233 adulatio.
437 3176 497 3233 Nec
522 3186 616 3233 tamon
634 3194 725 3252 roper-
779 3190 821 3234 ter
834 3177 1100 3253 comanguinitatetn
1119 3178 1144 3234 ei
1164 3190 1313 3253 prorogate

188 3262 254 3311 tum
272 3266 323 3325 est,
343 3255 395 3311 nisi
409 3263 442 3312 ut
461 3263 604 3312 censerent
624 3254 724 3331 effigies
779 3254 933 3331 pmvincia.

192 3332 359 3409 Principum
374 3332 598 3405 iaciendas‚eras
619 3334 724 3403 Deum,
816 3330 1017 3391 ⁴Ariomtorte
1030 3332 1150 3389 luberet.
1189 3336 1234 3392 Ac
1248 3354 1312 3410 pro-

191 3428 286 3483 arcus,
299 3412 413 3489 templa,
425 3412 591 3487 extruendo,
611 3412 724 3489 alioque.
777 3412 842 3471 inde
852 3412 1016 3470 succederet
1022 3410 1065 3467 M.
1079 3410 1196 3487 Lepido,
1209 3414 1312 3489 dequo

188 3490 450 3567 solitaperagends,
491 3491 610 3549 Marcus
628 3504 723 3559 temen
776 3510 862 3567 supra
874 3508 937 3567 cap.
945 3496 994 3549 32.
1015 3490 1089 3547 Vide
1097 3499 1155 3550 not.
1167 3494 1311 3552 etemend.

182 3568 305 3627 Silenus
318 3569 459 3639 honorem,
469 3570 517 3643 qui
531 3570 561 3628 in
572 3570 721 3627 consulum
776 3570 813 3627 od
827 3572 902 3627 Anu.
914 3587 965 3628 111.
975 3574 1024 3626 58.

187 3648 393 3711 contumeliam
412 3648 564 3718 recidebat,
586 3648 723 3725 Principi-
815 3644 1228 3725 ’Quirinaliumquefloniwn-
1243 3648 1314 3708 Dia·

189 3726 245 3783 bus
269 3727 379 3802 petivit.
420 3726 599 3803 Negligenter
614 3727 723 3785 dictum
777 3728 850 3785 lium
862 3726 1022 3787 Flaminutn
1030 3727 1181 3785 olimidem
1188 3728 1238 3803 jus
1251 3728 1312 3787 luc·

188 3804 244 3861 uisi
256 3806 381 3864 att-nisi
390 3806 573 3881 quod-Nec
586 3806 682 3863 omnia
693 3806 722 3863 in
776 3816 864 3875 ratae
878 3805 1054 3874 Martialium
1066 3816 1095 3863 ot
1109 3805 1312 3881 Quirinalium,

189 3884 304 3959 optimis
317 3884 501 3963 scriptoribus
513 3884 665 3959 laudando.
777 3884 1314 4025 illidboeffipu‘lUllumg'ffxffm‘
1387 3916 1391 3923 ·

372 3972 378 3982 '
819 4005 827 4021 .
895 3982 932 4020 o.
982 3982 1106 4021 ax.1..
1206 3983 1225 4020 o
1276 3984 1313 4021 ιι-

229 4037 358 4099 'Aureo
377 4040 476 4099 lateris.
516 4041 663 4100 Sententiae
682 4042 724 4099 in·
777 4050 855 4099 vatus
866 3983 1313 4119 pontificumsimultetesidllia·

186 4118 345 4189 solentiam,
366 4138 520 4197 aureasque
541 4120 634 4178 literas
658 4140 725 4179 con·
779 4122 855 4179 libus
877 4122 1003 4181 vetitum.
1044 4121 1182 4179 Flumineo
1205 4123 1313 4191 Diales,

188 4198 362 4273 trapatrium
371 4198 725 4275 moremarguitTiberiut‚
778 4200 870 4271 Jovis3
892 4200 1048 4271 Martiales,
1070 4200 1190 4270 Martis3
1215 4201 1314 4269 Quiri-

186 4282 388 4433 sap-gamm
408 4376 506 4415 usurus
557 4356 620 4414 Nec
644 4356 723 4414 aliud
777 4278 1314 4415 suppergclluommbtglggdlctietlquuirini,

303 4435 309 4446 ι
390 4436 395 4447 ι
570 4436 576 4447 ι
606 4436 612 4447 ι
809 4428 822 4463 ⁶
1049 4438 1055 4448 ο
1167 4437 1173 4449 o

183 4430 725 4593 ‚ntttltnnntrtrnttss
778 4436 1316 4592 sortirenturue

189 4606 282 4650 turus.
778 4594 984 4653 execrationem
1005 4594 1104 4653 Cinnae
1122 4603 1151 4651 et
1171 4595 1315 4653 Marione·

188 4664 191 4673 ’
228 4666 342 4732 'Iunio
360 4670 459 4735 Bloeto.
501 4673 654 4734 Avunculo
672 4674 724 4735 Se·
778 4693 841 4746 rum
867 4674 1002 4758 partium,
1033 4672 1170 4761 Velleius,
1205 4685 1242 4733 ιι.
1267 4677 1314 4733 22.
