3200 5509
306 566 347 641 96
674 566 711 625 C.
728 562 925 625 CORNELII
945 562 1079 623 TAClTl
1233 565 1319 627 ΑΜ.
1330 563 1447 636 0769.

306 737 480 822 ruperant,
505 716 726 793 validissimos
746 717 902 815 equitum
924 716 1218 813 irrcurrerelatus,
1241 716 1444 793 Stertinium

306 864 388 915 cum
411 834 529 911 ceteris
544 834 684 907 turmis'
709 830 1132 930 circumgredi„tergaque
1145 830 1317 911 ¹invadere
1331 835 1444 931 jubet,

305 952 377 1050 ipse
400 952 436 1023 in
459 969 614 1045 tempore
638 944 829 1019 adfuturus.
879 942 1012 1019 luterei
1039 944 1311 1041 pulcherrimum
1335 970 1443 1045 augu-

306 1068 409 1152 rium,
434 1080 513 1139 octo
529 1061 670 1159 aquilae²
693 1077 809 1157 petere
836 1059 959 1157 sylvas,
972 1076 1019 1143 et
1038 1058 1163 1133 intrare
1177 1060 1272 1149 visae,
1297 1060 1443 1157 impera.

305 1198 416 1253 torem
441 1177 656 1251 advertiret³
690 1175 871 1263 exclamat,
896 1182 922 1218 ‘⁶
938 1176 1042 1263 lrent,
1066 1190 1289 1271 sequerentur
1313 1174 1442 1248 Roma·

306 1304 333 1340 ‘⁶
347 1318 408 1367 nas
433 1296 544 1381 aves,⁴
567 1290 703 1387 propria
731 1288 906 1386 legionum
924 1286 1101 1359 numina.”
1151 1286 1261 1359 Simul
1277 1286 1442 1383 pedestris

305 1409 410 1487 acies⁵
432 1406 599 1495 inseruit,
625 1421 660 1477 et
687 1402 882 1500 praemissus
907 1424 1024 1497 eques,
1049 1417 1238 1497 postremos
1264 1426 1303 1475 ac
1337 1402 1442 1473 latera

304 1521 448 1621 impulit.
509 1520 719 1616 Mirumque,
732 1516 839 1607 dictu,
866 1518 936 1591 duo
964 1514 1113 1590 hostium
1144 1514 1280 1615 agmina
1306 1512 1442 1589 diversi

303 1635 402 1733 tuga,
425 1633 486 1732 qui
506 1634 636 1733 sylvam
650 1649 842 1719 tenuerant,
865 1631 902 1703 in
923 1646 1050 1727 aperta,
1075 1630 1134 1727 qui
1156 1630 1282 1727 campis
1306 1630 1441 1704 adstite-

303 1768 392 1839 rant,
414 1749 450 1821 in
465 1748 594 1846 sylvam
615 1748 780 1823 ruebant:
805 1745 907 1819 medii
918 1744 1005 1817 inter
1019 1745 1083 1817 hos
1101 1744 1280 1833 Cherusci,
1296 1744 1442 1827 collibus

303 1863 591 1938 detrudebantur:
616 1860 705 1936 inter
726 1886 814 1959 quos
828 1859 967 1959 insignis
989 1857 1168 1933 Arminius
1197 1879 1315 1947 manu,
1340 1884 1440 1949 voce,

304 1978 458 2067 vulnere,
497 1980 703 2053 sustentabat
733 1999 906 2075 pugnam:
944 1974 1212 2079 incubueratque
1249 1971 1439 2072 sagittariis,

303 2089 364 2165 illt
388 2106 565 2188 rupturus,
587 2090 623 2163 ni
649 2092 831 2165 Raetorum
855 2082 1263 2185 Vindelicorumque,⁶,et
1294 2088 1439 2163 Gallicas

303 2206 461 2281 cohortes
475 2205 571 2303 signa
586 2204 805 2302 objecissent:
831 2202 906 2277 uisu
921 2219 1041 2283 ¹tamen
1063 2200 1227 2299 corporis,
1253 2218 1288 2273 et
1307 2200 1438 2298 impetu

303 2319 384 2418 equi
407 2318 565 2418 peruasit,
595 2319 720 2393 oblitus
741 2316 862 2392 faciem
887 2340 951 2393 suo
976 2340 1111 2405 cruore,
1144 2340 1189 2389 ne
1214 2331 1436 2389 nosceretur:

302 2434 442 2533 quidam
467 2441 493 2477 “
508 2434 662 2533 agnitum
677 2433 699 2505 i
716 2433 866 2508 Chaucis
889 2432 977 2507 inter
991 2428 1116 2505 auxilia
1132 2431 1290 2508 Romana
1311 2426 1439 2528 agenti.

303 2555 329 2615 .“
345 2550 425 2637 bus,
439 2547 692 2644 emissumque'’
717 2545 939 2622 tradiderrmt.
978 2544 1107 2633 Virtus,
1123 2568 1183 2617 seu
1194 2542 1288 2617 fraus
1304 2545 1437 2632 eadem,

304 2661 540 2761 Inguiomero⁷
564 2660 731 2759 effugium
750 2660 864 2739 dedit:
900 2657 1002 2733 ceteri
1027 2656 1150 2755 passim
1175 2658 1342 2737 trucidati,
1391 2660 1436 2733 Et

302 2774 484 2871 plerosque¹
503 2789 637 2849 tranare
655 2772 831 2870 Visurgim
858 2788 1030 2861 conantes,
1063 2770 1185 2869 injecta
1212 2773 1279 2847 tela
1303 2788 1362 2853 aut
1386 2774 1437 2847 vis

302 2886 463 2974 fluminis,
490 2886 664 2983 postremi)
697 2888 804 2959 moles
836 2886 1020 2974 ruentium,
1057 2902 1093 2958 et
1122 2885 1307 2961 incidentes
1337 2887 1435 2983 ripae,

303 3025 479 3098 operuere.
530 3000 681 3096 Quidam
712 3001 803 3097 turpi
829 2999 915 3099 fugi
943 3000 979 3073 in
1003 3024 1138 3073 suumn
1168 3002 1331 3073 arborum
1359 2983 1434 3091 nisi,

300 3114 470 3213 ramisque
490 3140 527 3189 se
552 3115 771 3205 occultantes,
795 3113 940 3187 admotis
964 3112 1138 3212 sagittariis
1165 3139 1227 3213 per
1249 3114 1434 3199 ludibrium

300 3231 514 3328 figebantur:
548 3227 631 3301 alios
654 3246 804 3325 proruta
833 3229 970 3301 arbores
1001 3226 1173 3301 adflixere.
1239 3230 1371 3331 Magna
1394 3254 1433 3307 ea

299 3343 450 3432 victoria,
460 3367 574 3443 neque
589 3360 729 3417 cruenta
742 3343 840 3417 nobis
855 3340 929 3419 fuit.

259 3586 262 3591 .
324 3612 327 3617 Ι
354 3547 410 3620 18,
436 3542 599 3636 Qunam
631 3540 673 3623 ab
702 3534 807 3613 horif
848 3538 914 3617 diei
944 3539 988 3615 ad
1021 3554 1157 3619 noctem
1189 3539 1267 3618 caesl
1304 3540 1429 3634 hoste&

342 3780 435 3850 'Cura
447 3784 547 3843 celcris
558 3784 665 3841 runnu.
687 3782 838 3859 Equitum.
893 3785 955 3863 pria
968 3784 1086 3853 numina
1104 3786 1316 3851 venerabantur.
1357 3784 1428 3845 Vide

342 3860 354 3887 ²
368 3864 437 3923 Octo
449 3864 556 3940 oquilae.
591 3864 636 3919 Ne
650 3865 746 3920 crudus
761 3884 837 3923 veras
895 3876 952 3921 not.
965 3877 992 3921 ct
1003 3866 1111 3929 emend.
1125 3866 1161 3925 ad
1177 3868 1251 3921 Ann.
1266 3882 1303 3922 11.
1321 3872 1366 3931 17.

300 3963 358 4012 esse
375 3944 495 4019 aquilas,
521 3944 569 4001 scd
588 3944 704 3999 secundi
729 3944 836 4001 tannim
933 3940 1187 4015 ’Pedestrisocics
1224 3944 1426 4003 Romanorum.

299 4024 414 4099 generis,
437 4042 579 4099 pygargos
602 4021 619 4077 a
645 4022 740 4081 ratidai
767 4024 838 4080 albi·
932 4014 945 4049 ⁶
978 4022 1118 4083 Raetorum
1165 4022 1428 4099 Vindelicorumque.

301 4100 582 4176 cantodictas,llrrgl.
594 4100 837 4161 thelt'litc-tailed
894 4101 1046 4172 Vindelici,
1063 4100 1195 4174 Βατανέα,
1204 4102 1288 4173 Raeti,
1301 4104 1348 4161 the
1362 4102 1431 4163 Gri-

301 4180 402 4257 Eogic.
442 4178 517 4243 Vide
532 4180 667 4250 Plinium,
681 4199 713 4237 x.
728 4186 756 4238 3.
891 4180 1121 4251 sortr,lieTirol.

338 4256 350 4290 ³
364 4258 562 4336 Imperatorem
575 4255 729 4321 advenire.
756 4259 836 4316 Ocu·
932 4254 941 4289 ⁷
957 4260 1142 4337 Inguiomero.
1176 4261 1300 4319 Arminii
1315 4276 1426 4338 patruo.

297 4340 340 4402 los
366 4338 550 4414 animumque
582 4337 745 4403 Gennanici
771 4340 835 4395 allh-
892 4338 965 4397 Vide
982 4351 1061 4397 stem.
1084 4340 1215 4409 Anninii,
1233 4342 1305 4399 inter
1324 4358 1383 4399 not.
1402 4356 1429 4401 et

298 4437 371 4476 rore.
412 4418 505 4494 Supra
517 4420 592 4474 Ann.
609 4434 632 4473 1.
652 4423 701 4485 41.
755 4416 835 4474 Mili-
890 4418 998 4475 emend.
1012 4418 1046 4475 ad
1062 4418 1135 4475 Arm.
1152 4438 1173 4477 r.
1188 4424 1235 4478 55.

299 4507 355 4559 turn
368 4492 727 4573 aareroraqaeadcerttre.
932 4492 1072 4563 ‘Quinta
1096 4500 1129 4555 ob
1154 4497 1232 4557 hurd.
1287 4500 1428 4558 Romano«

336 4572 500 4633 *Romarm
521 4596 594 4637 uates.
633 4575 755 4650 Aquilns
776 4574 833 4631 Ro·
891 4595 1052 4647 rurnrnorc‚
1074 4577 1209 4651 quidicm
1226 4580 1254 4635 in
1276 4580 1426 4638 duodecim

296 4674 480 4733 manas,quas
488 4654 609 4733 legiones
618 4664 834 4740 tamquampro·
890 4656 971 4729 horas
1002 4656 1172 4717 dividebant.
1235 4658 1323 4719 Purrd
1360 4660 1426 4737 cuiq
