3200 5509
290 289 352 356 'm
586 283 709 346 NOTAE
730 279 782 344 m·
801 279 1129 344 munitiones

337 553 426 622 Cur.
447 559 501 618 28.
523 549 568 616 Et
582 571 633 616 ore
646 571 683 614 ur
696 547 844 613 mum
852 545 1033 634 pianum.
1074 544 1125 612 Ita
1137 545 1209 612 libri
1222 567 1330 612 omnes
1348 551 1435 616 editi

294 661 409 734 Mallet
423 661 580 739 .Pichena,
609 657 705 726 colore
736 679 773 722 oc
800 655 948 722 distinctas
969 658 1154 742 pianomm
1185 657 1269 723 nulla
1293 659 1436 725 mutanti

291 773 463 840 nenessitas.
507 771 560 838 De
571 773 638 858 ejus
651 768 753 834 forml
771 780 804 832 et
823 766 927 832 oulone
943 765 1072 846 Plinius,
1087 790 1124 832 x.
1136 776 1168 833 Ω.
1189 776 1212 806 “
1224 768 1311 832 Ante
1324 791 1434 834 omnes

291 883 430 950 nobilem
444 881 635 970 Ambiafert
659 878 854 958 Phoenicem,
873 879 955 942 haud
975 877 1041 942 auio
1053 901 1093 942 an
1106 878 1258 958 submoue,
1279 902 1377 944 unum
1396 880 1431 946 in

293 1007 361 1060 roto
383 995 469 1073 orbs,
490 1015 547 1056 uec
561 991 658 1055 visum
672 989 869 1074 magnopere.
911 987 1034 1074 Aquila
1054 1003 1194 1054 narratur
1211 990 1428 1074 magniusd'ne,

292 1104 359 1170 auri
372 1103 490 1188 fulgore
504 1103 585 1166 cirea
597 1099 689 1176 colla,
702 1113 803 1165 cetero
818 1120 998 1185 purpureus,
1012 1099 1179 1164 ooerdeam
1192 1101 1288 1166 roseis
1297 1103 1426 1166 caudam

293 1214 401 1301 peruris
428 1211 687 1296 distinguentibus,
715 1208 814 1274 cristis
850 1210 964 1287 fauces,
1001 1223 1155 1296 caputque
1186 1210 1314 1296 plumeo
1339 1212 1427 1296 apioa

293 1321 500 1390 houuuntess’

338 1431 482 1500 For-munt
504 1433 566 1520 pjur
586 1430 737 1518 definiere.
780 1429 831 1495 Ita
846 1429 916 1494 libri
936 1453 1043 1496 omnes
1064 1431 1147 1494 editi.
1189 1430 1229 1494 Iu
1248 1431 1330 1496 MS.
1343 1425 1425 1498 1²1«.

295 1541 458 1628 Deffinere.
501 1541 591 1606 Unde
613 1563 770 1626 perperam
790 1553 886 1606 tentat
904 1540 1049 1619 Pluinna,
1077 1539 1221 1625 ᾤκισε.
1267 1541 1426 1627 Bipunt'm‘

294 1654 417 1733 sdduut,
438 1650 545 1716 melius
561 1653 641 1715 forte
656 1650 746 1716 luerit
758 1650 931 1738 deplorare.
971 1649 1091 1715 Melida
1103 1650 1224 1737 quidem
1237 1652 1426 1718 mentions

296 1762 448 1840 Picum,
462 1783 522 1825 non
536 1760 608 1826 item
622 1759 752 1824 lectione
766 1759 899 1844 vulgatu.
915 1760 954 1823 B.
964 1759 1004 1824 C.
1020 1781 1061 1824 11.
1073 1781 1122 1824 vr.
1135 1761 1188 1827 65.

340 1870 584 1958 Qaringrntorum
596 1869 738 1956 spurium·
784 1868 914 1948 Plinius,
933 1891 969 1933 x.
983 1877 1014 1934 2.
1034 1868 1077 1932 ait
1090 1867 1271 1935 Phoenicem
1291 1877 1316 1910 “
1328 1873 1424 1938 virere

294 1982 378 2050 annia
403 1980 573 2069 quingentis
599 1978 789 2064 aerugines?
821 1978 863 2044 itu
890 1978 1018 2044 totidem
1046 1979 1194 2064 apicibus,
1221 1981 1299 2047 MS.
1324 1996 1424 2048 noster

297 2092 391 2161 Plinii
404 2093 512 2158 oodex.
555 2089 605 2155 Ita
619 2111 740 2178 quoque
754 2088 824 2154 libri
836 2102 961 2154 veteres.
1004 2087 1108 2154 Miror
1121 2089 1424 2164 CLHarduinum'm

162 2251 166 2262 .
293 2201 395 2294 priore
408 2203 463 2270 sud
476 2201 619 2280 editione,
629 2201 718 2266 onon
726 2199 857 2266 nmio
871 2199 1048 2284 posteriore,
1061 2201 1151 2264 ortuis
1163 2213 1244 2264 m.
1259 2202 1421 2288 scripsisse

338 2315 509 2404 Seruginto
531 2337 625 2380 unum
647 2314 791 2402 interjici.
835 2312 873 2377 In
899 2311 1079 2399 quibusdam
1102 2313 1284 2379 editionibus
1305 2315 1422 2400 legitur,

291 2425 437 2498 vsuadente
460 2425 600 2506 Mureto,
620 2435 689 2490 runt
710 2425 764 2512 qui
786 2421 971 2503 adtremat,
993 2421 1075 2488 mille
1091 2422 1329 2512 quadringenta
1341 2449 1422 2492 ma.

292 2538 402 2628 ginta:
423 2559 517 2602 unum
531 2536 565 2601 in
579 2535 680 2614 terris,
697 2534 728 2598 id
741 2544 798 2614 est,
810 2555 905 2598 unum
918 2535 951 2597 in
964 2533 1053 2598 terris
1064 2556 1130 2597 esse
1146 2534 1330 2619 plroeuioem.
1373 2537 1421 2601 Sir

293 2647 488 2735 preposteris
518 2643 774 2710 emendationibus
804 2642 1008 2708 adulterantur
1036 2656 1170 2710 veterum
1203 2647 1329 2732 scripta.
1369 2647 1422 2714 Ait

293 2757 422 2824 Tacitus
435 2757 581 2843 quosdam
597 2755 768 2819 adseverare
783 2751 961 2818 Plsoenioem
976 2753 1075 2817 vivere
1088 2775 1180 2818 anuos
1189 2753 1273 2818 mille
1286 2757 1422 2842 quadrin-

294 2879 401 2954 gentos
421 2865 575 2950 sexaginta
595 2887 706 2930 uuum:
730 2865 811 2928 idem
831 2863 928 2928 ferme
950 2862 1042 2928 tradit
1064 2863 1193 2945 Plinius,
1212 2887 1250 2930 x.
1263 2875 1296 2931 2.
1318 2874 1341 2906 “
1353 2891 1420 2933 cum

293 2977 383 3064 hujus
404 2975 481 3042 olitis
500 2975 563 3040 viu
576 2975 677 3060 magui
690 2975 917 3040 conversionem
939 2973 1008 3038 auui
1026 2973 1092 3038 lieri
1113 2975 1245 3059 prodidit
1265 2975 1421 3056 Manilius,

292 3087 464 3174 itemmque
476 3083 709 3171 significationes
728 3095 943 3170 tempestatum
956 3096 989 3148 et
1007 3083 1137 3150 siderum
1151 3087 1270 3152 easdem
1289 3089 1423 3156 rerer&

294 3195 374 3270 Qun
398 3196 521 3282 quidem
543 3198 581 3260 de
603 3195 701 3280 Cyclo
725 3195 798 3260 solis
823 3217 878 3280 per
899 3192 1031 3278 Cyclum
1052 3194 1132 3260 lune
1159 3196 1374 3282 multiplicato,
1393 3213 1424 3265 et

292 3305 421 3394 periodo
435 3327 580 3370 annorum
594 3313 668 3372 532.
682 3327 842 3392 perperam
856 3306 1067 3390 intorpretatur
1080 3304 1133 3370 Cl.
1146 3305 1332 3374 Hardu'unru
1358 3309 1423 3378 Hie

293 3414 373 3482 euim
386 3417 485 3501 egitur
497 3419 534 3480 de
547 3415 648 3500 magui
659 3417 728 3481 unni
742 3420 949 3494 conversione,
962 3416 993 3480 in
1003 3415 1066 3501 qul
1076 3430 1149 3500 post
1158 3441 1252 3484 annos
1262 3419 1424 3507 AEgyptios

296 3527 391 3593 1460.
432 3525 572 3592 Juliauos
595 3527 667 3590 verd
693 3529 790 3592 146!ae
809 3525 925 3611 primus
946 3526 1010 3590 dies
1030 3525 1140 3591 mensis
1160 3526 1266 3594 'llrotlr
1285 3533 1325 3594 ad
1344 3531 1421 3597 idem

205 3673 210 3680 ·
293 3631 437 3704 monle
450 3636 633 3724 principium
651 3637 821 3702 revolvitur.
865 3637 971 3702 Abeo
987 3636 1149 3702 deflexerat
1170 3641 1333 3724 quotannis
1344 3641 1423 3708 lroria

293 3769 357 3828 aex,
379 3747 450 3833 quia
468 3745 608 3833 AEgyptii
620 3747 737 3812 civilem
761 3769 873 3812 annum
895 3748 1047 3815 habebant
1063 3748 1179 3814 dierum
1193 3751 1268 3816 865.
1281 3751 1346 3817 sine
1362 3751 1422 3817 ullo

291 3851 471 3924 interlnlnri.
515 3855 573 3934 Illa
596 3869 641 3921 est
665 3857 861 3923 celeberrima
884 3858 984 3942 magui
1008 3859 1077 3923 anui
1100 3862 1270 3938 conversio,
1288 3877 1321 3928 et
1340 3862 1422 3950 quari

294 3966 444 4052 reparatio
458 3966 594 4046 Zodiuci,
608 3967 848 4044 ἐποκαταίστασις
861 3975 909 4034 roi
923 3972 1076 4050 Zolraaoi,
1087 3993 1177 4056 quam
1187 3993 1242 4036 ate
1253 3973 1321 4040 Soli
1330 3975 1421 4055 sani,

292 4089 326 4140 et
351 4097 389 4138 ea
413 4099 448 4142 se
476 4090 648 4142 renascente
676 4081 906 4160 adumbrabant,
938 4081 1021 4144 unde
1056 4094 1126 4145 nata
1149 4085 1232 4167 apud
1260 4085 1422 4171 AEgyptios

294 4182 451 4252 Plroeuiois
466 4187 578 4254 fabrrlu.
610 4187 661 4252 De
672 4187 730 4253 htc
745 4191 873 4275 periodo
887 4189 1095 4268 sothiacl,aeu
1109 4191 1282 4272 unicolori,
1297 4195 1422 4282 plauima

121 4321 149 4362 .·
292 4296 386 4364 habet
414 4295 557 4364 Petuvius
584 4297 616 4362 in
639 4299 810 4368 Auctuario
830 4303 868 4366 de
893 4301 1005 4368 Doctr.
1026 4301 1142 4390 Teurp.
1160 4323 1192 4366 v.
1212 4303 1236 4368 6
1257 4318 1291 4372 et
1310 4327 1375 4395 seq.
1394 4317 1429 4372 et
