3200 5509
738 522 1045 593 BREVIARIUM.

294 793 298 801 p
325 689 420 771 belli
440 689 594 771 semina
610 690 749 771 statim
767 716 974 799 oppressa.
1029 698 1097 775 28.
1113 688 1260 772 Vibius
1275 690 1448 779 Serenus

323 823 448 907 afilio
468 836 698 907 accusatus.
757 824 804 905 P.
826 824 990 921 Suilius,
1014 822 1246 906 Cremutius
1276 824 1445 926 Cordus,

322 959 472 1067 aliique
490 958 686 1041 damnati.
743 958 811 1042 36.
839 957 1051 1064 Cyzicenis
1077 959 1243 1041 libertas
1267 960 1445 1045 ademta.

320 1104 387 1191 37.
415 1092 600 1176 Tiberius
623 1094 777 1205 spernit
805 1093 946 1204 templi
965 1094 1158 1193 honorem
1176 1096 1231 1175 ab
1253 1095 1450 1207 Hispanis

321 1228 518 1310 oblatum.
585 1238 652 1325 39.
696 1228 880 1339 Sejanus,
927 1228 1056 1311 nimia
1097 1229 1262 1312 fortuna
1299 1260 1449 1331 socors,

322 1362 483 1444 Liviam
509 1362 585 1445 sibi
611 1391 781 1447 uxorem
814 1364 932 1473 petit.
986 1370 1055 1451 41.
1085 1361 1343 1453 Matrimonii
1371 1396 1444 1478 spe

321 1498 518 1609 dejectus,
548 1496 781 1609 Principem
811 1498 864 1581 ad
889 1499 1016 1580 vitam
1045 1500 1187 1608 procul
1218 1500 1356 1584 Roma
1376 1504 1446 1585 de-

200 1718 202 1725 ,
321 1632 497 1741 gandam
516 1633 702 1745 impellit.
759 1643 826 1718 43.
857 1630 1104 1743 Legationes
1128 1632 1369 1719 Graecorum
1393 1638 1446 1720 de

321 1764 525 1873 asylorum
547 1771 654 1880 jure.
710 1778 778 1855 44.
808 1765 924 1851 Mors
946 1767 1022 1851 Cn.
1043 1768 1212 1852 lentuli
1229 1781 1273 1853 et
1292 1770 1342 1856 L.
1359 1772 1445 1855 Do-

318 1902 435 1983 mitii.
491 1910 558 1987 45.
586 1892 638 1983 L.
656 1900 751 1985 Piso
776 1904 818 1984 in
840 1903 1042 2012 Hispania
1070 1904 1321 1988 interficitur.
1376 1908 1442 1992 46.

321 2034 510 2119 Contusis
527 2035 734 2119 Thracum
753 2038 956 2145 gentibus,
971 2037 1169 2147 triumphi
1187 2038 1361 2149 insignia
1379 2068 1444 2123 ac·

318 2171 421 2281 cipit
444 2169 649 2281 Poppaeus
680 2170 870 2254 Sabinus.
944 2176 1011 2252 52.
1057 2170 1232 2255 Claudia
1269 2170 1444 2257 Pulchra

319 2306 506 2390 adulterii
541 2317 736 2389 accusata
767 2316 812 2387 et
843 2305 1050 2387 damnata.
1119 2311 1186 2389 53.
1216 2307 1444 2419 Agrippina

316 2442 509 2525 maritum
529 2432 606 2523 sibi
622 2440 817 2548 postulat,
838 2465 913 2520 nec
928 2438 1098 2521 obtinet.
1145 2448 1213 2527 55.
1236 2436 1442 2529 Undecim

316 2574 427 2659 Asiae
446 2576 566 2655 urbes
586 2583 764 2689 certant,
792 2573 835 2652 in
863 2576 950 2684 qua
974 2601 1115 2657 earum
1149 2579 1351 2688 templum
1377 2578 1443 2661 'Il-

317 2708 416 2790 berii
435 2718 692 2790 statueretur.
737 2704 935 2811 Smymoei
954 2709 1125 2818 praelati.
1173 2717 1240 2804 57.
1260 2712 1439 2796 Tiberius

315 2846 360 2925 in
391 2842 663 2951 Campaniam
698 2840 864 2925 secedit.
922 2828 988 2926 Ibi
1020 2844 1234 2953 repentino
1258 2844 1440 2955 lapidum

314 2968 447 3087 lapsu
472 2975 784 3086 periclitantem,
827 2978 1019 3087 opposito
1050 3005 1234 3088 corpore,
1261 2981 1439 3091 periculo

316 3111 459 3197 eximit
479 3108 662 3221 Sejanus,
692 3137 813 3192 exeo
829 3112 968 3220 major,
997 3122 1040 3194 et
1058 3113 1250 3219 adversus
1272 3112 1439 3199 Germa·

316 3250 398 3331 nici
417 3249 581 3357 stirpem
598 3246 805 3328 audacior.
862 3243 929 3331 60.
959 3244 1169 3331 Neronem
1196 3249 1439 3361 adgreditur.

290 3364 383 3469 62.
423 3382 550 3491 Apud
584 3381 758 3464 Fidenas
788 3380 1079 3490 amphitheatri
1109 3410 1207 3466 casu
1237 3386 1441 3495 quinqua·

315 3518 429 3629 ginta
448 3492 659 3599 hominum
679 3514 809 3599 muna
825 3515 1052 3615 debilitata,
1071 3518 1135 3600 ver
1154 3519 1320 3619 obtrita.
1376 3520 1437 3606 64.

317 3644 645 3735 Romae'deustus
679 3678 796 3731 mons
835 3648 996 3733 Caelius.
1072 3650 1140 3745 67.
1180 3652 1234 3735 In
1266 3654 1438 3736 insulam

317 3780 496 3898 Capreas
527 3812 569 3868 se
599 3784 716 3868 abdit
734 3773 932 3868 Tiberius.
988 3784 1159 3896 Sejanus
1188 3791 1344 3898 apertis
1373 3788 1437 3870 ad·

314 3924 475 4004 versrlm
495 3907 766 4031 Agrippinam
799 3931 843 4003 et
871 3918 1081 4005 Neronem
1103 3922 1257 4021 insidiis
1289 3951 1438 4035 grassa·

315 4068 393 4137 tur.
450 4056 516 4139 68.
545 4054 677 4137 Titius
697 4052 872 4137 Sabinus
889 4057 945 4139 ob
963 4054 1187 4139 amicitiam
1206 4057 1435 4141 Germanici

315 4192 413 4302 ipsis
428 4188 618 4272 Calendis
637 4191 665 4278 J
668 4191 824 4272 anuarii
844 4190 1024 4300 punitur.
1081 4203 1148 4287 71.
1170 4190 1286 4275 Mors
1304 4194 1333 4281 J
1336 4196 1434 4291 ulie,

314 4326 493 4435 Augusti
507 4326 654 4436 neptis.
711 4332 777 4421 72.
809 4324 923 4407 Frisii
940 4324 1151 4424 rebellant,
1179 4338 1224 4409 et
1253 4328 1358 4437 aegre
1382 4355 1435 4410 re·

314 4452 455 4573 pressi.
511 4468 578 4554 75.
609 4458 851 4571 Agrippina,
881 4443 1118 4545 Germanici
1135 4460 1232 4561 filia,
1255 4460 1333 4547 Cn.
1354 4460 1434 4583 Do·

313 4595 430 4678 mitio
449 4607 593 4704 nupta.
1235 4578 1245 4584 ι’
