3200 5509
190 515 328 578 num
471 513 696 574 nunnnruu
716 465 1035 582 sinuessanus.
1258 519 1317 588 ms
1375 483 1383 494 ’

190 665 531 744 “εοὶειι1ἱωω11ηέ’
556 667 721 745 innexum
742 693 836 744 esse:
861 695 1022 767 veraque,
1048 671 1317 751 autindeterius

191 792 217 828 “
233 784 373 872 creditu,
394 782 510 880 judice
533 784 577 856 ab
598 805 671 856 uno
692 779 828 856 facilius
843 783 1010 858 discerni:
1036 785 1153 858 odium
1177 804 1212 860 et
1232 789 1316 862 invi.

188 903 217 944 ‘⁶
234 897 329 972 diam
350 897 441 994 apud
472 895 598 970 multos
628 896 779 968 valere?
840 895 946 970 Haud
976 896 1113 980 fallebat
1137 900 1315 976 Tiberium

189 1013 299 1085 moies
313 1008 524 1110 cognitionis,
557 1007 695 1106 quique
718 1007 788 1104 ipse
810 1006 925 1080 fumi²
949 1009 1201 1086 distraheretur.
1249 1015 1316 1114 lgit

188 1143 258 1214 tur,
285 1126 400 1222 paucis
422 1121 637 1196 innubarimn
662 1121 832 1210 adhibitis,
863 1121 971 1194 minas
1001 1126 1255 1217 accusantium,3
1279 1147 1314 1202 et

186 1237 266 1328 binc
282 1263 400 1338 preces
414 1237 521 1326 audit,
535 1236 770 1334 integramque
786 1259 922 1312 causam
937 1237 981 1308 ad
996 1255 1151 1312 sensuam
1162 1243 1312 1316 remittit.

239 1481 295 1540 11.
320 1473 459 1554 Annus
476 1463 611 1538 interim
634 1463 769 1538 Drusus
785 1460 919 1536 rediens
934 1463 1082 1561 Illyrico,
1103 1491 1312 1564 quamquam

184 1599 297 1680 patres
317 1580 534 1668 censuissent,
567 1585 593 1622 “
615 1579 661 1656 ob
687 1594 863 1674 receptum
887 1579 1170 1669 Maroboduum?
1196 1601 1231 1656 et
1256 1609 1312 1657 res

180 1696 339 1792 “priore
369 1711 482 1768 seinte
510 1708 632 1791 gestas,
657 1709 695 1764 ut
723 1715 828 1765 ovam
852 1691 987 1780 niret?
1017 1693 1148 1789 prolato
1179 1695 1312 1770 honore

184 1811 319 1882 Urbem
335 1807 478 1882 intravit.
528 1807 609 1882 Post
625 1831 717 1904 quae,
731 1829 792 1878 reo
818 1813 843 1846 “
860 1807 903 1878 T.
921 1807 1139 1896 Arruntium,
1159 1811 1203 1881 Τ.
1218 1809 1311 1882 Vini·

182 1930 208 1968 “
223 1924 328 2013 cium,
352 1921 511 1998 Asinium
541 1921 696 2007 Gallum,
727 1917 949 1992 memnon
980 1921 1198 2009 Marcellum,
1226 1925 1307 1996 Sexz

181 2047 209 2086 ‘⁴
223 2037 426 2134 Pompeium
453 2035 638 2132 patronos”
664 2032 938 2129 perennisque
965 2033 1097 2106 diverse
1120 2037 1308 2110 excusanti·

178 2153 259 2242 bus,
275 2154 328 2224 M.
342 2149 504 2247 Lepidus,
519 2165 554 2222 et
569 2151 611 2222 L.
626 2147 718 2236 Piso,
729 2165 763 2220 et
779 2145 950 2222 livineius
974 2146 1130 2244 Regulus
1145 2147 1306 2223 adfuere:

177 2264 313 2340 arrecti
340 2264 435 2338 omni
455 2262 600 2350 ciuitate,
634 2269 665 2338 ,“
687 2279 813 2358 quanta
843 2261 929 2332 fides
954 2259 1069 2332 amicis
1098 2263 1308 2350 Germanici,

179 2387 208 2428 ‘⁶
225 2405 304 2476 quae
322 2377 447 2452 fiducia
476 2401 558 2450 reo:
584 2375 680 2450 satin’
710 2373 896 2461 cohiberet,
923 2396 967 2446 an
994 2391 1166 2467 promeret
1190 2399 1309 2449 sensus

174 2501 206 2544 ‘⁴
221 2519 302 2566 suos
327 2491 484 2564 'liberius
497 2493 534 2564 :''
559 2488 599 2564 iis
624 2489 715 2560 haud
743 2487 825 2558 aliis
842 2485 1022 2558 intentior⁵
1046 2487 1205 2582 populus,
1229 2489 1308 2583 plus

175 2606 240 2680 sibi
280 2607 317 2678 in
347 2606 536 2704 principem
562 2603 706 2679 oecultae
737 2600 842 2692 vocis,
882 2616 941 2676 aut
967 2599 1147 2702 suspicacis
1176 2598 1304 2678 silentii

172 2735 338 2818 ΨΜ·
410 2761 412 2771 ·
1291 2747 1296 2769 ·

228 2961 284 3021 12.
309 2948 384 3024 Dis
397 2945 552 3036 senatus,
570 2949 689 3022 Caesar
703 2943 892 3022 orationem
905 2941 1023 3018 babuit
1033 2943 1195 3018 meditato
1216 2961 1300 3018 tem·

169 3079 372 3160 perimente
383 3055 414 3132 :'⁶
439 3059 587 3138 “Patris
600 3061 675 3134 stri⁷
698 3060 852 3158 legatum
866 3073 968 3155 atque
983 3057 1130 3132 mcum
1141 3057 1299 3132 Pisonem

215 3353 418 3414 'Conscieniiae
438 3355 546 3414 matr-is.
588 3353 634 3412 De
656 3351 707 3411 ilis
800 3350 880 3410 ⁴0b
917 3359 1054 3426 receptum
1085 3347 1298 3405 Miiobmiunm.

169 3433 262 3492 Liris
299 3434 469 3492 conscientie
505 3435 566 3510 jam
598 3435 708 3492 ‹iietum
761 3433 918 3509 iic-ceptum
946 3429 1168 3494 Maroboduum,
1192 3437 1221 3483 et
1241 3427 1298 3484 Ra·

170 3518 250 3572 Anu.
261 3531 297 3573 11.
307 3519 453 3580 77et82.
759 3531 855 3568 venum
888 3510 1017 3590 habitum
1052 3507 1175 3562 vidimus
1208 3525 1296 3584 suprs

211 3588 226 3616 ²
248 3591 364 3667 Quaque
387 3593 444 3669 ipae
465 3589 558 3670 santi.
600 3591 705 3649 Letum
760 3593 834 3648 Ann.
850 3607 886 3646 rr.
900 3585 948 3646 63.

163 3670 246 3732 anim
254 3671 708 3732 TiberioiuisseGermunieimor-
799 3668 913 3727 ’Haud
933 3667 1004 3724 alien
1022 3665 1164 3724 intentior.
1197 3660 1293 3742 Popu-

164 3761 229 3810 tem
241 3769 336 3808 omnes
354 3761 494 3818 noverant,
519 3762 552 3808 ut
572 3769 706 3808 memore·
759 3747 803 3806 ius
816 3765 972 3824 numquam
985 3745 1054 3806 alius
1068 3763 1097 3801 se
1118 3745 1293 3814 intentiorem

164 3839 233 3886 tum
245 3849 332 3907 supra
342 3849 405 3907 cup.
414 3837 442 3890 2.
476 3827 628 3905 Proptereu
640 3829 707 3886 mai·
757 3828 896 3904 praestitit,
909 3845 999 3901 neque
1011 3825 1041 3882 in
1055 3821 1213 3898 Principem
1226 3822 1292 3898 pius

165 3907 297 3986 tisanam
318 3910 479 3986 increpitum
500 3917 528 3966 et
545 3929 598 3984 per
615 3917 706 3966 rtoctea
757 3908 879 3966 occultae
890 3905 1034 3970 vocis.aut
1044 3901 1197 3980 suspicacis
1211 3901 1293 3959 silen-

161 3988 333 4047 ereberrimi
344 3989 522 4052 acclamatum
540 3997 591 4058 est,
611 3987 706 4044 Redde
756 3985 787 4046 tii
802 3987 855 4043 sibi
870 3983 1002 4061 penuisit.

167 4065 374 4126 Germanicum.
416 4065 506 4131 Quam
529 4065 705 4142 suspicionem
793 4059 1186 4136 ‘nieditutotemperamentu
1208 4060 1293 4136 Egre-
1365 4071 1368 4076 “

164 4147 342 4219 confirmavit
365 4147 421 4223 ipse
444 4145 558 4222 postea:
589 4147 706 4222 eory'age
756 4140 799 4220 ¹gie
826 4144 944 4202 dictum.
989 4139 1118 4198 Tiberius
1150 4137 1224 4196 enim
1251 4143 1292 4201 its

160 4224 252 4282 etima
276 4245 310 4284 ac
326 4225 420 4284 liberis
433 4223 591 4282 Gernmnicr'
609 4225 706 4288 erude-
755 4223 882 4286 Pisonem
894 4231 1020 4291 accusat,
1041 4230 1073 4280 ut
1087 4217 1290 4279 Germanicum

167 4301 220 4358 lem
243 4302 398 4364 iurandum
419 4303 537 4378 afflictis,
571 4301 649 4366 Suet.
675 4304 703 4362 in
754 4303 954 4376 aeqrreurgeat.
1073 4299 1076 4305 '

162 4379 304 4440 Tibul·
792 4376 923 4438 'Patris
942 4378 995 4436 sai.
1028 4372 1160 4450 Augusti,
1179 4371 1290 4448 (11ιίΤί-

208 4454 219 4489 ²
248 4463 346 4522 Miam
383 4461 578 4524 accusantium.
635 4461 702 4518 inde
754 4459 862 4516 betium
889 4459 1079 4534 adoptaverat,
1106 4455 1290 4528 Pisonemque

157 4539 255 4598 mines
267 4542 394 4600 Pisonem
408 4542 614 4612 accusantium,
634 4539 700 4598 binc
754 4540 782 4596 in
799 4538 963 4614 Hispaniam
977 4536 1101 4612 legatum
1115 4529 1290 4604 miserunia·
1320 4593 1327 4599 ,
1418 4593 1422 4601 ‚

164 4617 275 4686 Pisonis
286 4641 382 4700 preces
392 4621 481 4684 audit,
755 4619 797 4676 fra
810 4638 874 4698 cap.
893 4621 937 4677 13.
