3200 5509
657 488 730 577 xiii

133 740 269 850 gessit,
320 740 369 822 ea
402 734 558 821 ratione
598 750 645 817 ut
686 734 787 817 nihil
832 732 1000 844 quidem
1045 736 1261 820 uberrimae

132 898 370 983 eruditionis
404 908 446 983 et
474 882 699 985 sedulitatis
727 894 940 979 indefessa
961 896 1148 979 Brotierii
1166 896 1263 980 doc-

132 1040 278 1141 tissimi
307 1060 434 1143 lector
450 1082 636 1167 unquam
652 1054 911 1140 desideraret.
968 1054 1107 1139 Multa
1124 1034 1261 1139 tamen

134 1217 188 1299 ad
209 1216 399 1301 Historiae
417 1219 480 1301 vel
497 1216 770 1330 Geographiae
791 1218 990 1299 rationem
1002 1218 1262 1329 pertinentia,

134 1406 230 1489 quae
247 1380 488 1489 plerumque
501 1404 692 1490 expressa
705 1378 885 1465 tironum
902 1376 1085 1487 ipsorum
1098 1377 1263 1461 fastidio

132 1538 202 1621 ille
220 1538 477 1649 repetiverat,
506 1538 656 1649 saepirls
674 1537 883 1621 reticenda
893 1536 1179 1650 judicavimus.

189 1857 306 1941 Dum
336 1870 474 1941 autem
498 1857 655 1943 atrocia
674 1886 747 1967 per
765 1866 897 1943 totam
917 1854 1129 1967 Europam
1149 1858 1260 1939 omni

132 2006 366 2130 rapinarum
384 2046 530 2129 genero
548 2018 772 2127 grassantia
787 2016 908 2099 latius
921 2018 1029 2099 bella
1037 2017 1261 2111 exardent;

133 2180 251 2262 dnm·
268 2176 320 2260 ad
352 2174 641 2260 Continentem
674 2178 810 2259 aditus
847 2176 1099 2287 ingeminato
1129 2176 1263 2260 furore

131 2339 298 2449 penitus
328 2336 625 2434 intercluditur,
654 2338 720 2419 vix
748 2336 996 2447 sperandum
1023 2346 1085 2419 est
1111 2336 1263 2420 forent

134 2510 326 2581 unumst
353 2498 526 2581 alterum
555 2496 765 2607 exemplar
783 2508 898 2581 extra
926 2496 1186 2579 Britannicas
1203 2498 1265 2579 in·

134 2658 243 2741 sulas
273 2638 561 2768 exportenturs
595 2656 645 2739 In
667 2668 763 2739 voto
782 2657 908 2744 nobis,
918 2655 1042 2767 igitur
1060 2654 1137 2738 fuit
1154 2668 1202 2741 ut
1220 2658 1264 2739 in
1377 2745 1379 2748 ,

133 2848 254 2901 usum
273 2818 514 2900 nostratium
543 2846 650 2901 nova
681 2817 770 2900 haec
789 2826 1095 2927 compararetur
1110 2815 1262 2911 editio;

136 2979 256 3088 quod·
286 2990 328 3059 et
361 2980 499 3061 nostra
531 2990 575 3060 et
593 2976 765 3061 aliorum
785 2978 988 3061 sententia
1006 2978 1135 3089 magis
1153 3004 1264 3061 com·

131 3139 256 3223 mode
270 3138 490 3236 effecimus,
511 3138 607 3221 cum
621 3138 786 3221 editoris
803 3104 1064 3243 eruditissimi
1076 3164 1209 3221 rerum
1220 3149 1264 3219 et

135 3300 355 3381 verborum
374 3299 689 3408 explicationem
709 3326 760 3381 cx
779 3298 906 3408 ipsius
924 3298 1065 3407 lingua
1078 3300 1123 3383 in
1140 3299 1265 3381 rerba

131 3458 330 3549 nostratia
349 3458 575 3557 transferre,
600 3470 648 3541 et
677 3486 865 3540 nummos
898 3456 1125 3557 Romanos,
1154 3481 1264 3567 quos

133 3618 290 3699 illaad
322 3616 525 3700 Gallicam
557 3648 741 3703 normam
775 3618 1169 3718 accommodaverat,
1209 3619 1263 3702 ad

134 3776 321 3887 Anglicae
338 3792 514 3861 moneta
534 3782 733 3863 rationem
748 3780 791 3861 in
804 3808 924 3861 usum
935 3776 1163 3891 juventutis
1182 3790 1266 3905 stu·

137 3934 263 4019 diosae
283 3906 464 4039 reddere,
494 3941 791 4061 constituimus.
1029 3898 1041 3922 .

190 4255 357 4357 Forsan,
392 4258 543 4343 Lector
577 4260 627 4344 B.
664 4289 748 4344 non
779 4258 905 4345 modo
936 4256 1045 4346 haud
1077 4284 1267 4372 superva-

133 4444 322 4518 caneum,
351 4421 424 4505 sed
455 4422 579 4505 etiam
613 4423 792 4516 tironum
812 4422 1060 4533 quibusdam
1079 4420 1266 4533 apprime
