3200 5509
714 508 1023 583 BREVIARIUM.

291 694 494 814 ‘Regnum
513 703 599 811 ejus
618 702 660 783 in
681 701 934 811 provinciam
960 670 1184 781 redactum.
1244 708 1314 783 43.
1337 698 1433 783 Ger·
1541 700 1542 737 ³

302 842 466 923 manico
497 838 642 920 Oriens
661 839 905 947 permissus3
936 834 1074 916 Pisoni
1096 834 1225 940 Syria,
1253 862 1351 916 cum
1371 860 1431 917 oe·

303 977 438 1073 cultis,
476 988 524 1056 ut
561 974 753 1069 creditur,
795 974 839 1053 in
880 970 1174 1054 Germanicum
1213 971 1430 1053 mandatis.

302 1122 370 1197 44.
402 1107 564 1193 Drusus
595 1111 637 1189 in
659 1108 868 1214 Illyricum
903 1108 1081 1189 mittitur
1100 1118 1243 1189 contra
1265 1104 1432 1187 Germa·
1542 1120 1543 1163 ³

302 1276 391 1345 nos,
411 1249 484 1357 qui
503 1249 609 1329 inter
642 1274 686 1327 se
714 1244 920 1329 discordes
939 1245 1071 1325 otium
1102 1254 1145 1324 et
1172 1242 1431 1324 securitatem

303 1383 502 1467 Romanis
535 1383 680 1464 fecere.
755 1388 822 1466 45.
853 1378 1060 1475 Cherusci,
1096 1378 1202 1459 duce
1235 1376 1430 1472 Arminio,

303 1530 518 1629 potentem
533 1531 576 1600 et
594 1532 773 1601 veterem
782 1544 923 1628 regem
940 1514 1268 1611 Maroboduum,
1287 1539 1432 1621 magno
1537 1525 1541 1540 '

303 1682 382 1737 nec
401 1655 613 1736 incruento
633 1652 774 1762 praelio
792 1654 979 1735 vineunt.
1016 1706 1019 1713 ,
1039 1660 1105 1745 47.
1136 1648 1188 1729 In
1215 1650 1321 1730 Asis
1338 1648 1437 1729 duo*

304 1791 438 1873 decim
458 1790 578 1870 urbes
598 1800 714 1870 terrae
744 1799 861 1869 motu
892 1786 1096 1896 collapsae.
1153 1765 1308 1867 Tibe’rii
1341 1784 1432 1865 libe-

302 1926 453 2007 ralitas.
512 1932 578 2010 50.
608 1923 821 2006 Adolescit
849 1924 915 2005 lex
941 1922 1177 2032 majestatis.
1237 1920 1437 2004 52.·Tac·

303 2061 455 2143 farinas
487 2061 531 2141 in
564 2058 707 2141 Africa
736 2059 890 2141 bellum
927 2068 1077 2139 movet.
1134 2054 1176 2137 A
1205 2054 1332 2139 Furio
1361 2052 1432 2136 Ca·

304 2196 418 2279 millo
437 2196 577 2279 statim
607 2222 826 2305 repressus.
883 2202 950 2279 53.
982 2192 1269 2291 Germanicus,
1288 2188 1429 2277 iterum
1544 2176 1545 2243 i

307 2332 463 2429 consul,
501 2331 545 2413 in
576 2330 817 2413 Armeniam
861 2332 997 2413 venit:
1039 2356 1175 2440 regem
1214 2331 1431 2425 Zenonem,

306 2479 447 2552 amoto
469 2466 658 2564 Vonone,
677 2464 908 2548 volentibus
941 2466 988 2548 iis
1023 2466 1213 2575 imponit.
1274 2462 1431 2549 Deinde

306 2605 539 2715 AEgyptum
568 2602 874 2712 proficiscitur.¹
915 2602 982 2686 62.
1014 2600 1175 2685 Drusus
1207 2600 1431 2683 Germanos
1545 2664 1546 2681 .

306 2741 362 2821 ad
388 2734 608 2822 discordias
628 2738 768 2821 inlicit.
826 2736 1126 2837 Maroboduus,
1157 2739 1197 2819 vi
1222 2736 1430 2821 Catuaidae

307 2904 432 2986 regno
452 2874 607 2985 pulsus,
627 2876 670 2987 in
702 2874 865 2957 Italiam
896 2874 1022 2973 venit,
1057 2888 1101 2956 et
1135 2874 1347 2957 Ravennae
1367 2898 1432 2983 per

308 3010 590 3122 duodeviginti
623 3006 754 3094 annos
784 3012 880 3121 egit.
936 3010 1055 3091 Idem
1075 3008 1312 3119 ,Catualdae
1342 3034 1431 3091 mox
1546 3066 1547 3073 ¹

308 3148 536 3258 easus,qui'
557 3147 709 3230 Forum
724 3147 885 3235 Julium
905 3134 1154 3229 missus'est.
1212 3145 1279 3231 64.
1313 3146 1432 3229 Rhes-

307 3285 486 3394 cuporis,
502 3282 721 3367 Thracum
758 3310 844 3382 rex,
877 3285 1004 3395 opert
1041 3282 1261 3391 Pomponii
1303 3280 1432 3366 Flacci

212 3498 217 3505 .
308 3420 433 3521 datur
459 3421 502 3501 in
522 3416 711 3502 vincula:
741 3418 919 3501 Romam
950 3418 1201 3530 perducitur.
1258 3422 1326 3507 68.
1356 3418 1431 3501 Vo

308 3556 427 3637 nonis
446 3555 590 3638 caedes.
642 3554 709 3651 69.
731 3554 1016 3651 Germanicus,
1036 3554 1224 3665 AEgypto
1238 3572 1429 3649 remeans,
1546 3566 1547 3571 '

308 3702 475 3795 cuncta,
508 3718 606 3799 quae
636 3692 827 3799 jusserat,
856 3689 883 3772 d
918 3690 1066 3773 Pisone
1099 3692 1266 3790 abolita,
1296 3691 1430 3775 vel·in

309 3826 565 3911 contrarium·
594 3823 726 3911 versas
748 3812 932 3939 'reperit'
958 3834 962 3847 '
987 3826 1098 3910 Hinc
1133 3814 1430 3913 inimicitiarum

309 3963 479 4044 semina.
499 3986 517 4036 .·
536 3961 668 4061 Paulo
686 3958 781 4074 post
817 3956 1216 4075 morbo-correptus,
1249 3995 1344 4049 cum
1377 3966 1430 4046 in·

307 4094 422 4206 genti
447 4086 631 4207 gentium
664 4094 848 4181 omnium
884 4099 1023 4196 luctu,
1044 4100 1277 4184 An'tiochiae
1294 4102 1430 4185 'extin-

307 4230 473 4343 g'niturss.
495 4244 582 4327 74.
614 4234 723 4333 Piso,
741 4230 927 4317 veneficii
951 4230 1179 4345 suspectus,
1200 4238 1359 4346 Syriam
1377 4260 1431 4317 re·

308 4366 450 4480 petere
486 4370 722 4481 impeditur.
760 4380 859 4471 63.
891 4362 1092 4454 Honores·
1109 4375 1230 4458 multi
1276 4382 1430 4459 mortuo

291 4500 576 4593 Germanico.
593 4502 949 4609 Rome-decreti..
975 4518 1051 4597 85.
1082 4510 1325 4598 sanctiones
1342 4520 1431 4596 con·
