3200 5509
246 202 306 262 Ao
326 200 401 261 un.
421 199 476 259 lV.
495 199 597 258 ANN.
616 199 652 258 C.
671 198 795 260 CORN.
814 202 962 262 TAClTl.
1126 205 1186 268 491

39 355 273 422 aocnmtionnm
285 354 378 434 rabie,
391 351 558 438 majoribus
573 351 706 437 praemiis
719 352 974 439 dignitatibusque
988 350 1080 416 aucti.
1117 349 1184 414 Eos

38 469 172 532 tandem
192 465 325 549 undique
339 477 371 526 et
389 462 476 548 qnasi
498 460 630 525 latrones
653 458 767 525 nefarii
787 476 954 546 grassantes
976 459 1118 547 repressit
1136 458 1183 523 vel

38 577 197 662 pessimus
218 574 367 658 Princeps
383 570 589 647 Domitianus,
607 572 695 657 cnjus
715 572 781 634 hac
795 571 913 636 m‘eliori
934 572 1080 656 Principe
1094 571 1185 654 digna

39 709 116 763 vox,
151 682 427 760 PRINCEPS,
458 679 549 753 QUI
582 679 902 745 DELATOBES
928 681 1039 746 NON
1065 680 1184 745 CAS-

37 795 222 873 TIGAT,
244 790 478 857 IRRITAT.
510 790 562 854 De
580 788 747 854 deletorum
763 791 895 876 praemiis
914 814 1082 878 eorumque
1096 815 1183 856 coer-

39 905 159 970 citione
180 905 247 968 vide
268 901 418 966 eruditum
442 898 644 977 Brissonium,
672 899 801 965 Selectae
824 925 861 965 ex
878 902 950 988 jure
972 901 1053 966 civil.
1075 901 1182 986 Antiq.

39 1036 103 1081 ιιι.
132 1022 182 1086 17.

87 1123 269 1189 Cavendum
296 1117 563 1187 senatusconsulto.
621 1120 696 1185 Huc
724 1123 762 1185 de
795 1146 827 1186 re
855 1122 955 1208 legem
993 1125 1086 1190 latam
1115 1147 1181 1189 esse
1278 1156 1282 1162 ·

27 1234 233 1320 ,quadrienno
249 1233 329 1310 anre,
360 1228 497 1295 cosroes
514 1226 650 1294 Messall
667 1229 750 1294 Coss.
766 1231 856 1297 tradit
869 1233 1020 1318 Ulpianus
1034 1238 1071 1300 de
1087 1237 1180 1302 Offic.

38 1366 189 1429 procons.
231 1344 277 1407 At
300 1340 348 1405 rel
371 1349 460 1416 errat,
482 1337 530 1400 vel
552 1338 654 1420 potius
676 1340 814 1405 errirnnt
832 1341 956 1422 librarii,
979 1358 1009 1408 et
1031 1348 1183 1431 corrigen-

39 1454 131 1530 dum,
148 1450 240 1517 Cotto
254 1449 423 1516 Messalino
447 1446 628 1526 consulente,
651 1462 685 1512 nt
707 1451 826 1515 monuit
847 1453 1064 1520 eruditissimus
1087 1457 1182 1542 Cuja·

39 1562 121 1642 cius,
134 1565 285 1627 observat.
302 1582 350 1624 vr.
365 1567 417 1623 30.
440 1557 519 1621 Vide
533 1580 601 1642 qua
617 1558 698 1622 dicta
713 1573 782 1624 snut
796 1585 889 1646 supra
904 1564 1015 1628 Annal.
1034 1586 1090 1630 ιιι.
1106 1575 1159 1632 33.

85 1790 179 1855 Cur.
201 1800 254 1856 21.
278 1789 422 1854 Pisonem
454 1789 494 1858 Q.
518 1789 667 1856 Granius.
713 1790 761 1856 Ita
787 1792 911 1878 lipsius
935 1808 966 1858 et
986 1795 1181 1864 recentiores.

38 1899 201 1986 Corruptl
218 1899 387 1965 Beroaldus
401 1912 433 1963 et
446 1913 571 1979 veteres,
589 1900 790 1988 Pisonemque
801 1905 938 1989 gnosius.

84 2131 178 2196 Cur.
193 2139 245 2196 23.
273 2129 336 2195 Ubi
351 2131 553 2216 impetrando.
598 2129 647 2196 Ita
667 2132 792 2215 Lipsius
807 2146 838 2197 et
853 2133 1045 2200 recentiores.
1089 2132 1179 2198 Male

38 2239 225 2322 Beroaldus,
253 2241 306 2305 sul)
332 2240 533 2327 impetrando.
577 2238 615 2305 Iu
643 2241 749 2306 mediis
775 2243 955 2329 quibusdam
984 2243 1179 2326 editionibus,

36 2351 99 2415 sibi
114 2349 315 2437 impetrando.

85 2459 254 2546 Raptobot
269 2460 423 2550 Africam.
468 2459 520 2524 Sic
538 2460 717 2541 Beroaldus,
741 2475 773 2527 et
785 2463 910 2549 optime
924 2477 1005 2529 notor
1022 2465 1178 2532 editiones.

37 2569 226 2636 In‘editione
243 2529 373 2663 Grypiirii
388 2585 418 2634 et
432 2570 613 2662 quibusdam
626 2569 701 2651 aliis,
717 2573 868 2665 reptabat.

83 2800 176 2867 Cur.
198 2813 250 2867 24.
276 2801 387 2869 Primo
415 2806 464 2868 sui
490 2806 614 2869 incessu.
660 2805 727 2885 Sui,
752 2792 886 2868 deletum
911 2802 976 2868 vult
1003 2804 1179 2887 Acidalius3

38 2912 87 2976 vel
101 2923 254 2977 mutatum
269 2912 300 2976 in
314 2914 428 2978 statim.
473 2913 577 2978 Bene:
602 2915 655 2977 sed
669 2912 789 2998 vulgata
804 2914 954 2999 scriptura
972 2913 1044 2978 nihil
1058 2929 1176 3000 peccat.
1200 2900 1202 2905 Ι

84 3024 155 3090 Aut
179 3022 322 3087 tribunis.
367 3023 414 3098 lu
438 3022 515 3090 MS.
541 3021 624 3087 Flor.
648 3023 718 3088 Jac.
741 3022 917 3087 Gronovius
933 3035 965 3088 et
985 3024 1177 3094 recentiores.

39 3132 224 3215 Beroaldus,
237 3157 273 3198 oc
288 3133 429 3201 tribunis.

84 3362 176 3429 Cur.
206 3372 258 3429 25.
296 3363 432 3453 Dejectis
460 3362 572 3428 circslm
599 3362 807 3449 stipatoribus.
864 3361 913 3428 Ita
945 3362 1119 3427 Gronovius
1147 3378 1179 3433 st

39 3475 233 3540 recentiores.
279 3473 457 3554 Beroaldus,
470 3471 600 3537 delectis.
644 3473 835 3547 Emendabit
848 3471 1177 3560 Mercerus,dip'ectis:

40 3584 188 3665 Pichena,
202 3582 315 3648 deletis.
765 3652 770 3659 .

83 3693 131 3763 Et
145 3692 252 3780 effusis.
294 3693 407 3759 Tentat
423 3692 556 3778 Lipsius,
568 3705 596 3758 et
610 3690 722 3779 effluis.

82 3909 173 3975 Cnr.
195 3918 248 3980 27.
281 3906 316 3973 Τ.
343 3909 504 3977 Curtisius.
549 3912 663 3977 Mallet
692 3909 866 3989 Reinesius,
898 3905 1062 3992 Curtilius,
1094 3905 1181 3996 qnod
1249 3916 1251 3920 ’

40 4019 162 4104 quidam
180 4019 332 4085 Curtilius
346 4035 531 4088 memoretur
545 4025 627 4114 apud
643 4022 783 4101 Tullium
798 3996 836 4085 ud
849 4017 946 4085 Attio.
963 4039 1049 4090 xlx,
1072 4006 1141 4108 Ep.
1153 4018 1187 4081 e.

40 4131 121 4213 apud
134 4129 279 4195 Tacitum
293 4130 404 4195 Annal.
421 4154 507 4197 xrrr.
522 4134 574 4198 56.
596 4133 708 4199 Levior
718 4133 783 4211 luen
797 4127 973 4195 mutationis
988 4152 1114 4230 casm,
1137 4196 1138 4200 ,
1183 4193 1186 4199 ,

86 4237 188 4304 Colles
215 4253 365 4308 evenerat.
397 4240 458 4319 ⁸Itu
484 4242 561 4310 MS.
587 4243 672 4310 Flor.
701 4240 859 4308 Editiones
887 4253 1025 4333 veteres,
1068 4289 1115 4370 Ἑρ
1133 4244 1223 4316 ’ΦΨ

169 4385 250 4430 VOL.
274 4388 299 4431 l.
995 4392 1043 4474 ᾖ

1090 4474 1116 4539 l
