3200 5509
673 462 930 532 ruarmo,
1344 462 1370 531 li

233 656 1089 776 collocanda,utmagnisdocumentis‚qub
1102 692 1366 777 prorumpere

234 803 364 914 possit
374 805 556 887 humana
569 804 712 903 libide,
730 818 971 905 notesceret,
985 812 1103 893 simul
1119 822 1164 892 et
1174 810 1363 922 puderet.

238 943 307 1029 Ne
322 946 454 1056 piguit
472 945 654 1055 quidem,
682 948 797 1054 quod
824 948 851 1030 d
869 949 961 1032 viris
982 953 1249 1037 humanarum
1275 953 1364 1039 lite·

237 1114 369 1171 rarum
388 1088 578 1171 studiosis
597 1091 840 1197 expetitum,
874 1094 1018 1179 illustri
1041 1096 1231 1206 exemplo
1249 1095 1362 1179 Petri

235 1223 436 1311 Comeille
446 1241 490 1311 et
499 1228 527 1315 J
529 1232 672 1311 oannis
682 1230 851 1332 Recine,
870 1235 997 1343 quarn
1011 1238 1169 1321 validus
1180 1239 1234 1320 sit
1243 1237 1363 1321 Taci-

235 1371 592 1455 tusfsecundandis
604 1374 1019 1483 ingeniis‚ostendere.
1035 1378 1362 1479 DeChristianis,

233 1510 338 1597 falso
347 1512 524 1597 incendii
535 1516 920 1602 eriminedNerone
931 1523 1104 1619 irretitis,
1116 1522 1273 1605 dictum
1280 1534 1362 1619 3et,

234 1654 331 1738 edm
345 1653 398 1738 de
411 1654 570 1743 Judoeis
589 1670 694 1741 esset
711 1657 947 1759 dicendum,
976 1664 1094 1774 plura
1117 1664 1171 1745 de
1203 1662 1361 1749 Judaeis

234 1795 470 1879 Sinensibus
489 1797 648 1906 placuit
684 1802 936 1902 subnectere,
964 1814 1053 1888 tum
1089 1806 1147 1888 ob
1178 1806 1361 1887 masena

234 1938 473 2036 novitatem,
512 1950 600 2021 tum
639 1952 687 2023 ut
731 1942 1010 2029 Romanorum
1047 1946 1363 2055 Sinensiumque

231 2078 312 2164 hta
343 2080 399 2161 de
435 2106 477 2161 re
507 2081 668 2193 judicia
713 2112 952 2195 comparare
999 2100 1207 2199 promtum
1242 2086 1359 2171 foret.

201 2286 204 2291 .
233 2210 405 2320 Pariter,
431 2234 481 2305 ut
498 2224 728 2311 aboleretur
746 2230 902 2337 opinio,
921 2254 1017 2338 qnae
1030 2229 1141 2340 apud
1156 2229 1360 2339 quosdam

228 2364 417 2489 'invaluit
444 2364 634 2449 Tacitum
652 2369 694 2449 in
716 2368 952 2453 Germaniae
977 2369 1251 2481 descriptione
1267 2368 1360 2479 plus

230 2506 408 2617 ingenio,
436 2505 563 2615 quarn
598 2509 757 2591 veritati
790 2510 1018 2611 indulsisse,
1060 2510 1361 2595 Germanorum

219 2672 362 2731 ‘mores
381 2677 474 2731 cum
496 2652 702 2733 veteribus
730 2654 877 2735 nostris
908 2653 1066 2764 legibus
1097 2664 1140 2737 et
1169 2654 1360 2752 historiis,

223 2808 325 2875 'cum
355 2793 586 2903 vigentibus
619 2793 755 2878 adhuc
787 2796 968 2879 moribus
998 2796 1241 2907 populorum
1273 2796 1362 2877 illo-

228 2960 333 3031 rum,
361 2958 465 3043 quos
498 2934 689 3019 barbaros
721 2936 911 3047 ferosque
948 2934 1358 3048 appellamus,an

228 3078 306 3159 avi
326 3079 467 3186 prioris
486 3078 781 3163 humanitatem
804 3080 986 3163 nondum
1001 3079 1243 3175 dedecuere,
1261 3074 1360 3159 assi-

227 3218 312 3301 due
331 3220 500 3301 contuli.
558 3220 625 3303 Sic
644 3222 768 3317 enim,
796 3248 880 3303 non
911 3232 1051 3303 nostro
1078 3218 1285 3327 suffiagio,
1311 3231 1358 3301 at

224 3360 453 3444 securlorum
472 3361 767 3470 hominumque
785 3386 982 3445 consensu
1002 3357 1278 3471 approbatum
1293 3368 1359 3441 est

227 3500 416 3585 Tacitum
436 3530 517 3585 non
539 3501 664 3586 modo
682 3502 805 3585 fuisse
835 3503 1063 3585 maximum
1095 3500 1355 3610 antiquitatis

222 3644 438 3754 ‘pictorem
467 3672 562 3755 quae
582 3647 745 3757 propria
767 3646 854 3756 ejus
881 3647 984 3743 laus,
1011 3657 1138 3755 atque
1168 3644 1356 3725 omnium

227 3788 477 3871 sermonibus
503 3791 591 3901 jam
623 3790 874 3899 pervulgata,
901 3788 972 3873 sed
1004 3800 1047 3870 et
1077 3784 1330 3869 verissimum
1342 3814 1355 3879 ;

225 3927 340 4037 quod
359 3940 447 4011 erat
463 3928 748 4013 evincendum.
807 3929 987 4012 Demum
1006 3928 1103 4012 cbm
1121 3928 1186 4010 vel
1204 3926 1353 4037 optimi

226 4067 441 4178 scriptores
459 4072 591 4154 multa
618 4073 775 4171 sileant,
804 4097 900 4183 quoe
931 4084 1071 4155 tamen
1103 4070 1223 4152 nbsse
1251 4094 1355 4177 quo·

228 4208 415 4297 rumdam
439 4212 620 4314 interest,
648 4214 866 4301 Anecdota
882 4243 934 4299 ex
965 4216 1100 4297 variis
1119 4210 1352 4295 auctoribus

230 4352 388 4467 collegi,
414 4369 463 4443 ut
478 4356 622 4443 burum
641 4382 775 4445 rerum
793 4359 962 4447 curiosis
981 4355 1272 4443 satisfacerem.
1356 4357 1358 4359 ’
