3200 5509
318 496 378 551 no
585 493 599 536 κ
678 482 924 545 sconsum
942 469 1082 543 mont
1231 478 1447 551 suesti.

317 653 345 688 “
358 637 511 741 agitent?
550 636 833 736 quinquiplicati'
870 659 1013 733 ptumus
1045 633 1279 734 mgisnnms,
1311 635 1448 709 subverti

318 768 345 803 ‘⁴
360 760 468 855 leges,
482 779 561 853 quae
575 776 637 827 suu
652 751 757 847 sput‘n
771 752 973 825 mmcendae
993 750 1257 825 candidatorum
1272 748 1448 838 industr'm,

318 881 346 930 ‘·‘
361 869 622 969 quaerendisqne
636 883 694 939 aut
706 864 881 962 potiundis
892 863 1078 937 honoribus
1093 862 1315 937 statuerint.”
1454 902 1456 907 v

369 1108 429 1178 37.
453 1100 697 1171 anonnstm
712 1095 750 1167 in
770 1095 918 1192 speciem
933 1094 1166 1169 orationevim
1187 1092 1331 1191 imperii
1343 1092 1451 1181 tenuit,

321 1238 511 1310 censusque
526 1211 756 1309 quorumdam
773 1214 969 1283 senatorum
983 1209 1092 1307 juvit:
1120 1234 1190 1307 quo
1208 1208 1323 1306 magis
1338 1206 1449 1279 mittun

323 1328 402 1417 luit,
416 1328 516 1423 qued
538 1348 656 1421 preces
679 1328 733 1397 Μ.
749 1322 884 1396 Hostali
905 1323 1026 1396 nobilis
1043 1324 1189 1422 juvenis,
1205 1322 1247 1395 in
1269 1336 1452 1417 paupextste

324 1440 515 1530 nunifesti,
529 1440 712 1536 supetbitis
725 1439 917 1533 accepisset.
966 1440 1085 1533 Nepos
1110 1454 1181 1511 eret
1204 1434 1353 1509 oratoris
1373 1436 1450 1505 Hor·

325 1556 448 1645 tensii‚²
462 1555 607 1631 inlectus
628 1556 745 1627 idivo
768 1559 930 1652 Augusto
945 1554 1140 1627 libeiulitnte
1159 1551 1279 1625 decies
1303 1548 1451 1623 sestutii³

326 1672 453 1748 ducere
469 1694 629 1759 uxorem,
643 1670 813 1767 suscipere
841 1670 977 1757 liberm,
990 1692 1037 1740 ne
1052 1666 1238 1741 elatissima
1253 1665 1379 1739 finilia
1403 1690 1451 1735 ex·

327 1785 550 1883 tingueretur.
599 1784 708 1881 Igitur
730 1782 965 1878 quatuorfiliis
981 1798 1058 1855 ante
1071 1782 1176 1855 limen
1191 1781 1303 1853 cutiae
1313 1778 1451 1853 adstant·

327 1900 408 1988 bus,
423 1900 501 1971 loco
515 1897 702 1986 sententias,
718 1900 804 1971 cum
814 1898 850 1970 in
862 1897 985 1995 palatio
1001 1914 1135 1971 senatus
1151 1896 1352 1984 haberetur,
1361 1892 1451 1965 modo

328 2013 504 2087 Hortensi
519 2013 608 2085 inter
617 2028 769 2087 emtores
784 2012 881 2085 sitnm
897 2010 1093 2111 imaginem,
1113 2012 1223 2085 modo
1254 2008 1400 2107 Augusti
1413 2008 1452 2079 in-

329 2143 445 2216 tuens,
470 2126 515 2199 nd
540 2127 635 2199 huuc
663 2126 807 2199 modum
835 2125 958 2221 coepit:
999 2134 1024 2172 “
1039 2127 1156 2201 Pitoes
1180 2124 1377 2221 conscripti,
1401 2123 1453 2195 hos

332 2247 360 2285 “
374 2264 527 2337 quorum
538 2263 724 2315 numerum
738 2256 773 2313 et
788 2239 965 2336 pueritiam
974 2239 1106 2329 videtis,
1121 2264 1192 2313 non
1200 2256 1329 2336 sponte
1340 2235 1453 2323 sustuli,

332 2362 360 2400 “
373 2356 436 2429 sed
463 2354 544 2451 quin
566 2354 730 2450 Princeps
755 2356 916 2429 monebat
929 2381 946 2428 :1
964 2356 1066 2429 simul
1094 2357 1241 2453 majores
1257 2354 1326 2427 mei
1341 2376 1453 2425 metue-

334 2470 885 2564 “ramutposteroshaberentz
910 2494 992 2545 nam
1015 2494 1095 2569 ego,
1116 2469 1266 2566 quinon
1281 2466 1454 2565 munem,

336 2591 363 2626 “
376 2606 450 2656 non
476 2582 587 2656 studia
620 2583 752 2678 populi,
778 2608 892 2680 neque
923 2584 1163 2681 eloquentiam,
1191 2584 1321 2683 gentile
1347 2578 1455 2654 dotntt

338 2704 364 2739 “
379 2712 507 2771 noso-s
533 2698 678 2786 bonum,
701 2696 860 2773 varietate
884 2716 1079 2794 tempotum
1103 2697 1258 2795 accipere
1286 2698 1340 2771 vel
1355 2716 1455 2793 parare

339 2817 365 2854 “
381 2809 671 2904 potuissemus
698 2812 877 2904 habebam,
905 2816 934 2887 si
959 2831 1077 2889 tenues
1104 2840 1159 2889 res
1185 2836 1277 2889 mess
1300 2836 1362 2885 nec
1387 2804 1455 2881 milti

340 2932 367 2967 ‘⁴
382 2924 519 3020 pudori,
533 2948 598 2998 nec
614 2924 774 3022 cuiquam
793 2928 891 3001 oneri
905 2925 1039 3003 foras:
1062 2930 1176 3025 jussus
1189 2930 1234 3003 ab
1258 2928 1454 3023 imperatore,

340 3044 366 3081 ‘⁶
383 3060 530 3112 uxorem
544 3038 640 3113 duxi.
689 3042 746 3113 En
765 3042 867 3139 stirps
881 3060 915 3115 et
930 3043 1110 3141 progenies
1135 3058 1187 3115 tot
1202 3042 1393 3124 consulum,
1416 3046 1456 3106 tot

341 3151 633 3229 “dicutomm:⁴
653 3179 719 3229 nec
742 3158 787 3229 sd
814 3157 973 3232 invidiam
1000 3157 1150 3246 istssed
1179 3153 1394 3231 cmciliaudn
1407 3146 1455 3221 mi·

341 3274 368 3311 ‘⁶
382 3266 575 3343 seficordiae
589 3268 724 3343 refero:
749 3272 991 3369 etssequentur,
1007 3272 1149 3345 florente
1169 3290 1217 3361 te,
1245 3276 1372 3355 esur,
1386 3284 1456 3361 quot

341 3389 367 3425 “
384 3382 517 3457 dedet-'s
540 3384 712 3474 honores,
736 3385 873 3459 interim
900 3391 946 3482 Q.
974 3386 1151 3459 Hortensii
1176 3400 1389 3483 pronepotes,
1403 3372 1457 3449 tivi

342 3502 368 3541 “
382 3496 534 3595 Augusti
549 3498 718 3587 alumnos,
733 3502 776 3573 ab
790 3498 906 3599 inopii
922 3498 1104 3577 defende.”

382 3740 643 3819 'Quinquiplicuri
691 3747 886 3824 Magistratus,
938 3748 1037 3821 metet)
1059 3751 1212 3825 ignoretur.
1252 3742 1381 3807 Dictator
1403 3732 1455 3793 veri

342 3840 400 3879 nou
409 3824 471 3898 jem
485 3825 569 3880 unius
590 3827 666 3895 enni,
688 3828 736 3883 sed
757 3830 885 3906 quinque.
939 3830 994 3887 fuit
1020 3834 1059 3887 A.
1083 3830 1118 3887 U.
1132 3832 1166 3887 C.
1190 3826 1259 3887 tte.
1285 3830 1322 3885 A.
1345 3824 1379 3881 C.
1400 3818 1455 3875 stt.

341 3920 481 3959 annorum
493 3922 551 3961 esse
558 3926 567 3973 ς
581 3923 637 3962 non
648 3909 810 3965 exercendis
822 3930 885 3967 mu·
939 3910 977 3978 Q.
993 3909 1170 3967 Hortensius.
1179 3908 1303 3978 Plebem,
1317 3922 1377 3983 quae
1389 3912 1457 3975 Pffll‘

342 3981 468 4051 neribus,
479 3983 527 4039 sed
540 3985 686 4058 potiundis
697 3986 860 4045 honoribus.
939 4002 980 4046 ter
998 4006 1034 4045 ses
1048 3988 1174 4045 alienum
1186 4001 1216 4047 et
1228 4006 1323 4065 graves
1335 4002 1367 4041 ec
1379 3980 1457 4049 longis

382 4054 401 4120 ².
410 4058 539 4119 Oratoris
551 4062 709 4123 Hortensii.
730 4066 804 4123 Vide
826 4078 885 4127 not.
939 4068 1087 4127 seditiones
1100 4068 1131 4124 in
1142 4068 1309 4127 ianiculum
1321 4064 1455 4141 secesseritis

342 4148 372 4205 et
384 4140 492 4196 emend.
504 4142 541 4197 nd
555 4143 631 4199 Ann.
647 4150 746 4210 11.37.
940 4148 968 4205 in
982 4149 1082 4206 urbem
1097 4146 1226 4217 deduxit,
1251 4148 1385 4225 legemque
1396 4132 1456 4194 titt.

383 4213 512 4277 ³Decies
523 4222 655 4279 sestertii.
683 4224 774 4301 Argi.
786 4226 885 4285 useel.
938 4236 971 4285 et
990 4246 1021 4285 eo
1033 4229 1115 4303 jure,
1140 4226 1212 4303 quod
1231 4228 1307 4305 plebe
1324 4216 1456 4303 statuisset

345 4294 388 4356 (is.
403 4298 452 4355 δᾶ.
938 4326 1028 4365 omnes
1037 4304 1161 4370 Quirites
1170 4314 1335 4365 tenerentur.
1354 4292 1456 4356 Gellius,

381 4373 627 4451 ⁴Totcomim,
645 4391 689 4440 tet
709 4383 886 4442 dictatorum.
941 4402 995 4443 itt.
1017 4391 1065 4450 27.
1105 4378 1144 4443 In
1164 4386 1223 4461 ipso
1246 4384 1404 4462 magistratu
1423 4368 1456 4424 ‘lt'

343 4456 401 4514 Vel
413 4469 561 4533 paternum
575 4473 888 4538 motemumquegenus
940 4466 1029 4524 cessit.
1083 4463 1180 4523 Livius
1212 4466 1242 4523 in
1274 4462 1391 4539 Epiron.
1419 4460 1454 4507 Χῖ·

343 4534 453 4606 laudet,
467 4538 512 4595 vel
535 4539 653 4614 quinam
674 4543 732 4600 sint
752 4541 798 4599 isti
820 4562 888 4601 con-
941 4546 1015 4603 Vide
1026 4553 1056 4605 et
1068 4544 1206 4619 Plinium,
1220 4562 1288 4605 xvi.
1303 4546 1347 4599 10.

343 4613 418 4674 eules
438 4616 522 4693 (fonti
550 4632 644 4678 tumen
666 4621 797 4680 suffectos
820 4640 889 4681 enu-
