3200 5509
292 508 384 575 rxriii
729 498 989 569 PRAEFATIO.

291 708 458 793 ciabiles
489 705 719 799 miscuerat,
767 680 1047 809 principatum
1093 727 1144 783 ac
1181 701 1426 790 libertatem.

293 852 511 935 Publioam
540 844 776 929 felicitatem
804 841 952 925 indies
976 843 1156 953 augebat
1182 844 1428 957 Trajanus3¹

294 992 523 1099 additaque
554 986 816 1071 victoriarum
854 984 995 1093 gloria,
1033 985 1093 1071 ita
1130 988 1292 1106 imperii
1327 990 1427 1077 finer

294 1134 539 1247 proferebat,
564 1140 613 1213 ut
641 1152 868 1237 numquam
898 1126 1022 1211 latirls
1051 1128 1105 1211 sit
1131 1130 1425 1240 imperitatum.

296 1277 561 1363 Uberrimam
574 1274 682 1357 hanc
693 1282 734 1355 et
745 1270 1044 1357 securissimam
1062 1274 1276 1359 materiam
1289 1300 1430 1359 senec*-

294 1423 374 1505 tuti
410 1448 493 1503 suae
526 1426 760 1529 seposuerat
796 1414 993 1499 Tacitus*
1050 1413 1228 1526 Egregia
1259 1418 1428 1503 consilia
1588 1513 1589 1526 .

295 1591 404 1649 mors
437 1564 673 1671 importrma
708 1559 887 1668 abrupit.
944 1558 1055 1667 Ipse,
1092 1558 1191 1642 dum
1228 1558 1427 1671 Trajanus

296 1706 507 1793 Orientem
526 1703 641 1787 novis
652 1703 832 1785 victoriis
842 1702 1056 1799 lustrabat,
1078 1708 1302 1811 (nusquam
1317 1704 1427 1789 eninr

296 1849 497 1933 Hadriani
515 1856 702 1957 tempora
718 1841 935 1945 memorat)
967 1845 1133 1929 vivendi
1161 1845 1286 1931 finem
1314 1847 1426 1945 fecit,

296 2018 557 2104 praepropero
576 1990 662 2072 fato
681 2016 913 2099 oppressus.
970 1988 1031 2071 At
1048 1990 1091 2071 in
1111 1988 1224 2074 brevi
1248 1990 1428 2073 mortali·

294 2146 381 2223 tate
399 2135 589 2245 longioris
616 2135 711 2216 vitre
735 2134 1016 2218 celebritatem
1033 2134 1298 2243 impleverat:
1326 2134 1428 2219 civis

294 2280 488 2389 optimus,
507 2276 631 2359 literis
650 2286 694 2358 et
723 2276 926 2387 sapientia
952 2276 1087 2359 aetatis
1105 2303 1190 2360 suae
1209 2276 1427 2387 princeps;

293 2420 482 2507 eamdem
501 2420 668 2519 famam,
689 2448 831 2531 parem
850 2423 1140 2505 auctoritatem
1159 2417 1272 2529 apud
1292 2431 1429 2530 poste-
1588 2449 1589 2528 3

294 2592 361 2649 ros
379 2578 465 2649 tam
490 2562 564 2647 diu
592 2574 836 2663 retenturus,
863 2566 991 2675 quam
1008 2565 1081 2649 diu
1098 2565 1143 2649 iu
1162 2563 1323 2675 scriptis
1341 2590 1426 2648 non

292 2710 426 2829 otiosa
443 2708 658 2791 verborum
676 2708 903 2817 prolixitas,
932 2708 1004 2793 sed
1022 2707 1160 2792 valida
1177 2734 1313 2795 rerum
1336 2732 1427 2792 sen·

292 2851 597 2956 tentiarumque
618 2849 793 2934 brevitas
826 2852 1009 2960 placebit
1020 2882 1033 2945 ;
1051 2850 1189 2959 ‘quam
1216 2850 1288 2933 diu
1311 2850 1355 2936 in
1381 2876 1426 2936 re

289 2994 461 3105 politica
488 3016 621 3077 mores
639 2990 867 3089 hominum,
899 3020 1035 3079 rerum
1052 3006 1277 3093 momenta,
1306 2994 1425 3078 liber-

289 3136 388 3221 tatis
406 3146 449 3219 et
466 3134 757 3221 dominationis
776 3146 1114 3245 temperamenta,
1132 3138 1245 3223 varia
1256 3147 1300 3219 et
1317 3136 1424 3219 salu·

288 3279 464 3365 berrima
506 3304 581 3387 pro
620 3288 852 3388 temporum
886 3291 1192 3389 eventuumque
1228 3280 1423 3366 varietate
1587 3393 1588 3406 .

289 3422 438 3535 agendi
452 3418 634 3521 consilia,
653 3448 822 3553 noscere
839 3424 917 3507 erit
935 3424 1127 3534 pretium.

338 3706 445 3793 Haec
475 3706 642 3818 quidem
672 3710 770 3795 cum
799 3736 1050 3797 recenserem
1075 3710 1263 3822 graviora
1284 3704 1422 3792 Taciti

283 3852 432 3949 studia,
468 3851 587 3935 omisi
620 3852 772 3939 leviora
802 3854 888 3941 duo
923 3854 1011 3965 ejus
1048 3880 1199 3963 opera:
1244 3852 1418 3936 alterum

283 3994 492 4087 Facetias:
546 3996 722 4081 alterum
773 3996 998 4110 Dialogurn
1051 3996 1106 4081 de
1159 3993 1418 4084 Oratoribus.

281 4136 482 4237 Facetias,
536 4138 755 4253 Fulgentio
793 4141 1102 4231 Grammatico³
1158 4146 1419 4233 memoratas,

318 4364 330 4394 ¹
351 4358 456 4425 Tacit.
471 4358 534 4425 Vit.
548 4358 625 4445 Agr.
638 4382 706 4446 cap.
721 4370 752 4427 8.
916 4359 928 4393 ³
951 4362 1055 4435 Quem
1067 4360 1134 4425 vide
1144 4359 1222 4429 ‘uafre
1229 4354 1415 4427 iuter'l'esu'·

315 4448 331 4480 ¹
350 4444 455 4512 Tacit.
466 4444 551 4513 Hist.
563 4466 587 4509 1.
600 4456 626 4511 l.
638 4468 815 4532 supremum
871 4448 975 4518 monia
989 4447 1148 4516 Veterum.

272 4530 349 4601 illud
362 4529 522 4600 consilium
535 4545 691 4601 memorat.
