3200 5509
312 558 349 613 22
598 568 603 577 ·
662 546 697 606 c.
718 540 1070 605 conuenturum
1099 563 1127 620 χ
1224 487 1445 608 11111169.

310 704 448 791 velletrt,
472 702 526 775 vel
551 700 653 775 iidem
678 711 823 797 possent
839 682 1090 795 cuperentque:
1116 698 1210 770 “M.
1227 696 1444 794 Inpidmu”¹

310 818 441 891 dixerat
469 824 494 861 “
512 840 682 913 capacem,
716 815 776 885 sed
808 827 1064 910 aspernantem:
1100 812 1244 885 Gutum
1269 810 1444 899 Asinium,

309 940 335 977 ‘⁶
351 931 500 1020 avidum,
525 947 558 1002 at
570 929 757 1001 minorem:
784 930 826 999 L.
843 926 1062 1015 Arruntium,
1085 949 1157 998 non
1177 920 1370 1025 indignum,
1393 938 1444 1010 et,

307 1046 378 1119 “si
404 1070 499 1117 casus
528 1045 676 1130 daretur,
698 1044 901 1114 ausurum.”
950 1042 1008 1114 De
1033 1039 1200 1139 prioribus
1220 1036 1442 1112 consentitur.

307 1160 375 1233 Pro
402 1158 568 1230 Arruntio
590 1158 727 1253 quidam
751 1160 818 1229 Cn.
835 1156 1013 1229 Pisonem²
1037 1155 1226 1227 tradideret
1242 1166 1443 1248 'omnesque

306 1289 431 1369 praeter
449 1272 630 1367 Lepidum,
655 1269 752 1343 variis
778 1268 862 1343 mox
884 1271 1092 1357 crimirnbus,
1116 1283 1266 1341 sonente
1285 1264 1442 1352 Tiberio,

305 1385 526 1458 circumventi
547 1402 635 1456 sunt.
686 1384 797 1456 Etiam
814 1388 860 1480 Q.
877 1385 1053 1457 Haterius³
1069 1401 1104 1456 et-
1124 1386 1321 1457 Mamercus
1336 1382 1441 1453 Scau·

305 1502 396 1586 rus,⁴
432 1497 637 1594 suspicacem
673 1499 824 1571 animum
864 1499 1112 1595 perstrinxere:
1154 1496 1313 1569 Haterius
1353 1496 1441 1568 crim

306 1612 456 1701 dixisset,
494 1614 727 1708 “Quousque
754 1612 900 1717 patieris,
926 1614 1056 1701 cesar,
1088 1635 1159 1683 non
1190 1612 1307 1683 adesse
1337 1624 1441 1705 caput

305 1732 332 1769 “
348 1724 540 1821 reipublicae
554 1725 611 1797 ?’'⁵
637 1728 784 1798 Scaurus
809 1726 888 1822 quia
908 1726 1052 1815 dixerat,
1078 1732 1215 1821 “spem
1235 1745 1308 1796 esse
1329 1750 1374 1795 ex
1394 1748 1441 1795 eo

304 1844 331 1883 “
347 1862 418 1910 non
438 1838 552 1911 inritas
568 1838 642 1912 fore
657 1840 795 1912 senattis
811 1863 941 1937 preces,
965 1841 1061 1937 quod
1086 1838 1238 1912 relationi
1257 1838 1441 1911 consulum

304 1957 421 2050 “jure
436 1954 623 2026 tribuniciae
652 1954 822 2049 potestatis
847 1978 918 2027 non
938 1953 1215 2027 intercessisset.”
1266 1955 1312 2029 ln·
1333 1954 1440 2025 Hate-

303 2068 393 2139 rium
405 2067 515 2139 statim
527 2068 677 2139 invectus
693 2084 765 2155 est3
793 2070 974 2155 Scaurum,
990 2068 1045 2139 cui
1056 2067 1303 2163 implacabilius
1317 2066 1441 2138 irasco-

302 2183 414 2269 batur,
440 2182 570 2254 silentio
598 2180 758 2253 tramisit:
794 2178 971 2277 fessusque
994 2182 1145 2253 clamore
1173 2181 1341 2268 omnium,
1376 2205 1440 2251 ex-

303 2277 527 2391 postulatione
548 2296 760 2393 singulorum
783 2295 877 2367 flexit
902 2296 1074 2391 paulatim,
1107 2319 1178 2366 non
1206 2312 1253 2367 ut·
1275 2292 1441 2367 fateretur

302 2410 425 2506 suscipi
454 2410 475 2481 ti
501 2434 537 2481 se
556 2410 749 2506 imperium,
772 2411 834 2483 sed
859 2426 897 2481 ut
922 2434 1047 2509 negare
1064 2426 1099 2483 et
1123 2410 1237 2508 rogari
1257 2409 1438 2485 demeret

303 2526 445 2597 Constat
456 2523 649 2613 Haterium,
674 2526 758 2599 etim
775 2525 977 2621 deprecandi
998 2524 1098 2601 causi
1120 2525 1279 2622 palatium
1304 2522 1439 2595 introis-

300 2632 363 2725 set,
400 2637 668 2737 ambulantisque
699 2638 827 2713 Tiberii
859 2664 971 2742 genua
999 2639 1250 2727 advolveretur,
1279 2664 1387 2735 prope
1412 2637 1438 2715 i

301 2748 460 2824 militibus
481 2748 709 2841 interfectum,
733 2752 812 2849 quta
832 2754 989 2827 Tiberius
1005 2780 1098 2842 casu,
1124 2779 1167 2835 an
1189 2753 1345 2829 matribus
1361 2754 1437 2851 ejus

299 2861 491 2961 impeditus,
515 2864 725 2962 prociderat:
751 2890 863 2963 neque
879 2886 991 2941 tamen
1007 2868 1158 2965 periculo
1175 2868 1248 2941 talis
1269 2866 1331 2940 viri
1348 2866 1435 2938 miti-

299 2996 397 3079 gatus
413 2994 475 3066 est,
497 2977 608 3050 ‘donec
625 2979 783 3052 Haterius
796 2976 1010 3080 Augustam⁶
1032 3000 1157 3076 oraret,
1182 2984 1322 3088 ejusque
1338 3006 1434 3063 cura.

300 3092 432 3199 tissimis
448 3093 604 3190 precibus
615 3112 861 3203 protegeretur.

303 3376 429 3434 disertos.
478 3378 553 3435 Aliis
571 3378 642 3435 locis
666 3380 775 3439 Promti
796 3381 839 3439 di·
941 3376 1018 3439 ²Cu.
1046 3380 1179 3437 Pit-onem.
1233 3377 1351 3454 Ingtrtio
1376 3379 1434 3436 cio

302 3468 407 3515 cuntur
427 3459 516 3533 parati
537 3457 573 3515 nd
599 3455 708 3533 aliquid
731 3460 837 3517 ortdon-
899 3460 1002 3519 lentum
1018 3468 1047 3517 et
1062 3458 1181 3533 obsequii
1198 3459 1335 3535 Quanti,
1347 3456 1434 3515 inrita

302 3534 380 3591 dum.
414 3535 507 3593 Tacit.
529 3540 722 3603 Ann.1v.17.
757 3540 833 3597 Vide
888 3539 1003 3617 ferocia
1037 3541 1161 3613 dputre
1185 3535 1293 3595 Pisone.
1355 3537 1433 3597 lntrtt

302 3614 453 3673 Ruhnken.
466 3616 501 3673 ad
515 3616 590 3673 Vell.
606 3617 715 3677 Petere.
729 3636 766 3675 rt.
777 3625 825 3683 75.
898 3619 1005 3675 Annul.
1019 3638 1056 3677 11.
1066 3623 1115 3674 43.

937 3693 949 3727 ³
964 3697 1001 3762 Q.
1016 3697 1163 3756 Haterius.
1204 3696 1286 3755 Forte
1301 3697 1376 3755 idem
1394 3696 1431 3753 do

343 3771 569 3851 ¹M.Lrpidnm.
603 3774 751 3835 Laudatur
764 3778 836 3835 infru
898 3796 956 3851 quo
980 3797 1067 3854 supro
1092 3794 1156 3851 cop.
1185 3783 1231 3835 10.
1255 3778 1285 3835 iu
1309 3776 1384 3836 notis
1400 3786 1433 3833 et

301 3852 406 3911 Annal.
430 3872 474 3911 tv.
494 3860 542 3913 ΩΟ.
561 3860 667 3919 v1.27.
714 3856 759 3917 Do
782 3856 834 3913 illo
896 3858 1141 3915 emenddictutn.

302 3932 439 4001 Velleius,
452 3948 489 3990 n.
505 3940 570 3991 114.
610 3933 738 3992 Omnibus
751 3937 837 4011 cvpir'r
935 3933 1134 3993 *illamam
1152 3932 1284 3996 Scaurus.
1334 3935 1433 3994 Homo

302 4012 320 4068 cl
346 4010 457 4069 (burm
481 4012 599 4071 Morcus
622 4012 742 4089 Lepidus
761 4032 838 4089 proe-
897 4016 1049 4091 profligata:
1077 4014 1202 4072 libidinis
1227 4026 1257 4073 et
1281 4013 1341 4073 vita
1365 4032 1432 4091 pto·

290 4090 389 4168 sectus
402 4100 453 4162 ert,
465 4092 510 4149 cir
522 4092 636 4149 nominis
657 4112 690 4151 ac
701 4091 836 4169 ‘lbrtnnoe
896 4094 1002 4154 brosus
1044 4095 1107 4153 Seu.
1128 4094 1162 4151 de
1183 4094 1305 4153 Benefic.
1322 4112 1367 4152 tv.
1379 4098 1431 4153 st.

300 4168 442 4228 Cesaram
451 4171 600 4247 protimus,
612 4191 694 4247 ,poem
707 4172 735 4231 in
748 4192 834 4247 quun·
894 4174 965 4232 Tac.
977 4174 1082 4233 Annal.
1098 4190 1141 4229 vt.
1155 4178 1203 4240 29.

300 4260 357 4306 tum
369 4249 479 4325 quisque
489 4258 539 4309 out
549 4270 720 4327 cognoscere,
733 4258 782 4309 out
793 4254 835 4309 in·
935 4251 945 4284 ⁵
961 4252 1052 4329 Caput
1065 4252 1232 4328 reipublice.
1265 4253 1362 4329 Caput
1374 4253 1429 4311 rei-

299 4329 426 4405 telligerr
436 4334 538 4405 potuit,
552 4329 581 4387 itt
593 4338 700 4387 tontum
714 4331 835 4390 miratur
894 4332 1017 4409 publiroe
1029 4333 1086 4391 dici
1107 4350 1136 4389 se
1153 4332 1230 4391 nolle
1246 4332 1369 4408 fingebat
1381 4332 1432 4394 Ti·

299 4408 457 4483 dediligit,
478 4418 670 4485 tantorumque
689 4410 833 4481 nomnium,
895 4414 996 4470 botius.

298 4487 394 4564 quibus
404 4496 483 4547 ortus
495 4496 545 4559 est,
559 4496 745 4549 orrrameatum
748 4490 831 4565 jndi—
932 4486 945 4519 ⁶
967 4493 1131 4569 Augustom-
1173 4492 1294 4563 Livium,
1320 4493 1428 4551 dicum

298 4575 354 4623 cat.
387 4568 574 4625 Consulatum
587 4580 704 4643 gesserat
716 4586 783 4631 cum
797 4570 831 4627 L.
893 4589 1008 4647 quoquo
1031 4572 1152 4648 iulium,
1178 4582 1213 4630 ut
1236 4590 1303 4631 mou
1333 4572 1430 4650 capito

298 4647 482 4719 Arruntio‚dc
491 4667 549 4727 quo
559 4648 644 4729 modo
657 4648 768 4710 dictum
781 4660 832 4709 cst.
869 4718 874 4731 ⁰
892 4651 1028 4730 sequenti.
