3200 5509
358 550 418 609 AB
439 546 516 611 LIB.
537 550 595 611 111.
614 547 715 609 ANN.
736 552 771 610 C.
792 548 1082 611 conternent.
1221 538 1282 607 488

135 716 259 784 nepem
275 701 387 781 nudna,
401 700 557 782 bellicose,
572 724 699 767 nurnero
711 714 744 769 et
757 702 881 767 fortuni
896 702 1048 780 crevisset,
1062 724 1173 767 novam
1186 700 1284 767 landis

135 809 304 877 mteriem
325 810 549 899 amplioresque
570 835 646 899 opes
670 814 817 900 quesivit.
862 812 978 892 Petitd,
1002 811 1172 878 Cambsule
1195 812 1285 894 duce,

135 916 289 1001 Thracii,
315 920 492 989 Romta:
518 924 619 1011 elque
645 925 772 1002 vuum,
795 922 881 989 Gelli
903 923 1008 1009 spoliis
1031 924 1132 989 onusti
1161 922 1286 989 Panno-

135 1029 220 1094 niam
235 1031 414 1120 vicinaque
427 1036 513 1100 sedes
526 1036 684 1121 repetiere.
729 1033 903 1113 Pausanias,
922 1034 953 1099 'nr
969 1034 1121 1117 Phocicis,
1145 1034 1231 1101 Libr.
1248 1052 1286 1099 x.

136 1148 267 1222 1²⁸⁴&
857 1175 862 1183 ’

182 1254 260 1319 Nec
271 1257 414 1323 diutinus
423 1256 594 1344 fuitquies3
617 1254 789 1341 iterumque
801 1256 1030 1323 recrudescente
1042 1256 1117 1323 belli
1130 1270 1162 1324 et
1174 1258 1286 1344 praedii

139 1366 305 1453 cupidine,
318 1366 406 1433 Galli
427 1381 489 1433 tres
508 1366 540 1431 in
559 1380 659 1451 partes
676 1366 845 1431 exercitum
864 1366 1009 1446 dividunt,
1028 1369 1069 1434 A.
1089 1366 1131 1433 U.
1152 1368 1191 1436 C.
1210 1376 1286 1441 478.

139 1480 183 1543 A.
213 1477 257 1543 C.
288 1486 364 1543 280.
424 1476 512 1557 Pars,
541 1476 655 1563 Belgio
683 1480 771 1557 duce,
806 1476 1023 1544 Macedoniarn
1050 1477 1189 1565 iggrema
1217 1494 1287 1564 est3

140 1606 287 1674 uinoque
315 1586 460 1674 sequenti,
487 1586 570 1652 victo
598 1588 662 1654 acie
688 1600 720 1653 et
745 1587 906 1653 interiecto
935 1588 1106 1655 Ptolemaeo
1135 1590 1289 1673 Cerauno,

142 1698 364 1764 Macedonum
385 1720 467 1781 rege,
488 1700 623 1762 nondum
646 1698 710 1764 ausi
736 1697 891 1765 Greciam
912 1700 1038 1784 ingredi,
1061 1724 1129 1767 suas
1151 1701 1182 1767 in
1202 1698 1290 1767 sedes

141 1808 272 1874 rediere.
332 1808 410 1873 Psts
430 1808 534 1886 altera,
563 1808 688 1872 Brenno
711 1806 758 1890 (ls
784 1800 910 1875 Brenno
935 1810 1147 1877 Romanorum
1171 1812 1290 1877 victore

138 1918 277 2008 junior.)
292 1932 324 1984 et
342 1918 511 1985 Acichorio
524 1918 662 1998 ducibus,
685 1918 829 1985 mriversoe
851 1921 982 1986 Graeciae
996 1922 1091 1987 minas
1104 1923 1289 1989 intentabat:

144 2030 271 2117 dreptt
285 2029 419 2109 AErotit,
438 2028 566 2108 Ulcisia,
579 2031 615 2094 in
630 2028 757 2109 Greece,
773 2030 926 2116 Delphos,
940 2031 1044 2097 locum
1059 2033 1212 2099 inrmensis
1226 2037 1291 2101 the-

144 2140 245 2205 sauris
270 2144 318 2205 ob
342 2139 498 2226 Apollinis
525 2139 701 2224 religionem
728 2141 938 2222 clarissimum,
966 2146 1099 2227 petebat.
1158 2146 1291 2229 Graecia,

146 2249 319 2336 religionis,
343 2250 460 2336 glorie,
483 2272 580 2336 opum
597 2250 769 2317 discrirmm
781 2264 949 2333 commota,
973 2253 1096 2319 Brenno
1111 2255 1232 2321 obviam
1246 2256 1291 2322 iit.

146 2353 201 2427 Ad
213 2362 443 2449 Thermopylas
458 2360 702 2448 Parnassnmque
716 2376 852 2426 montem
868 2362 1011 2449 Delphis,
1030 2363 1145 2448 Casiri,
1159 2366 1292 2433 vicinum

147 2470 248 2539 risus
272 2486 343 2539 est:
376 2485 458 2539 tanta
483 2486 607 2559 umque
629 2486 718 2537 anua
740 2484 967 2557 tempestatum,
997 2474 1170 2556 fulminum,
1199 2478 1292 2563 frigo-

148 2601 283 2671 rumque
296 2584 342 2649 vis
355 2597 442 2649 urrae
455 2596 544 2649 motu
556 2594 663 2647 exortu
675 2596 732 2663 est,
753 2597 788 2648 ut
807 2582 911 2667 ingens
933 2585 998 2671 ejus
1012 2587 1162 2652 exercitus
1177 2588 1293 2655 deletus

150 2694 344 2775 occubuerit,
376 2694 487 2780 vixque
513 2707 663 2779 superstes
690 2693 791 2774 luerit,
823 2694 876 2780 qui
903 2693 996 2760 cladis
1022 2696 1163 2763 nuntium
1190 2701 1293 2767 ferret.

151 2804 309 2885 Brerruus,
331 2806 490 2869 conlectus
502 2803 687 2884 mdneribus,
697 2802 809 2889 largiris
822 2804 932 2870 hausto
945 2806 1027 2885 vino,
1038 2807 1096 2874 sibi
1109 2808 1176 2875 vitm
1189 2808 1293 2893 finem,

150 2930 183 2981 et
200 2915 299 2981 cladis
319 2914 461 2981 solatium
476 2915 560 2994 fecit,
581 2916 623 2981 A.
643 2912 685 2980 U.
709 2914 748 2980 C.
766 2916 842 2987 476.
863 2916 904 2981 A.
925 2915 964 2981 C.
986 2924 1060 2989 stt.
1102 2918 1182 2985 Pars
1195 2922 1294 3003 tertia,
1344 2964 1350 2979 .

150 3025 282 3091 Brenno
295 3048 434 3106 concors,
447 3037 479 3090 et
492 3049 565 3091 cum
578 3048 617 3091 eo
632 3026 663 3090 in
682 3026 855 3106 Dardanos,
880 3025 1004 3106 Servio,
1027 3052 1123 3116 usque
1144 3035 1293 3118 prolecta,

150 3137 194 3201 ibi
215 3136 402 3203 militmibus
421 3134 549 3201 dissidiis
570 3135 750 3224 meliorique
772 3140 836 3202 fsto
858 3140 897 3202 ab
920 3160 958 3202 eo
981 3138 1107 3219 divulsa,
1127 3140 1294 3211 Thraciam

151 3248 287 3333 repetiit,
315 3248 445 3313 ducibus
474 3248 629 3313 leonorio
654 3260 686 3313 et
715 3248 868 3313 Iutariu:
906 3246 1088 3330 Byzantium
1121 3255 1293 3338 occupavit,

152 3379 239 3425 oraru
270 3358 481 3445 Propontidis,
508 3358 685 3443 vectigalem
711 3358 827 3436 habuit,
863 3358 990 3445 ejusque
1024 3362 1114 3425 urbes
1150 3364 1293 3433 obtinuit.

153 3470 238 3536 Tum
267 3470 370 3535 auditi
397 3469 482 3535 Asiae
508 3473 657 3549 ubertate,
686 3467 800 3553 cupido
824 3468 933 3533 invasit
961 3470 991 3534 in
1019 3492 1086 3535 eam
1110 3474 1293 3541 transeundi.

156 3579 362 3666 lqsinrsebis,
385 3579 557 3661 Herumili,
583 3580 688 3645 fraude
710 3591 820 3665 capta3
843 3579 1095 3669 Chersonesoque
1116 3584 1200 3650 omni
1221 3608 1295 3673 pos-

156 3694 252 3772 sessi,
272 3696 311 3757 sd
324 3691 563 3777 Hellespontum
576 3703 697 3756 ventum
712 3702 766 3755 est.
811 3688 861 3756 lbi
875 3690 1029 3775 Lutarius,
1055 3692 1293 3779 Macedonibus,

156 3826 235 3890 quos
260 3826 316 3889 per
339 3802 473 3888 speciem
496 3800 653 3886 legationis
677 3801 849 3888 Antipater,
878 3804 1039 3887 prefectus
1061 3804 1126 3891 ejus
1155 3824 1227 3885 orne,
1255 3804 1296 3874 sd

158 3914 378 4001 speculandum
400 3913 532 3991 miserat,
560 3913 634 3975 duas
659 3924 755 3977 tectas
779 3934 868 3977 naves
895 3924 926 3976 et
949 3924 1009 3978 tres
1031 3912 1144 3980 limbos
1170 3916 1294 3985 adimit:

158 4024 293 4091 bisalios
306 4032 397 4110 atque
411 4022 487 4088 alios
499 4021 563 4086 dies
577 4034 743 4108 noctesque
755 4023 983 4101 transvehendo,
1007 4022 1085 4089 intnl
1103 4044 1218 4111 paucos
1231 4026 1295 4095 dies

158 4152 264 4200 omnes
278 4134 384 4218 copisa
397 4132 520 4220 trajicit,
535 4130 634 4198 A.1J.
651 4131 776 4204 curt.
790 4132 831 4197 A.
848 4130 886 4197 C.
900 4133 974 4205 276.
1016 4132 1089 4200 Jsm
1114 4132 1295 4217 leonorius,

159 4242 333 4311 ernnust
347 4242 522 4309 Nicomede
536 4241 686 4328 Bithyniae
699 4264 771 4326 rege
783 4254 818 4307 ut
830 4242 889 4329 ipsi
903 4264 995 4328 opem
1008 4245 1111 4324 ferret,
1134 4244 1154 4309 d
1176 4246 1295 4333 Byzan-

160 4352 205 4419 tio
217 4354 431 4421 transmiserat
466 4354 590 4420 Coeunt
604 4352 748 4419 Interius
762 4364 793 4417 et
809 4352 987 4435 leonorius,
1002 4352 1114 4420 auxilia
1129 4354 1295 4425 Nicomedi

162 4464 234 4530 dant
256 4466 398 4531 advenis
422 4464 581 4548 Zyboeam,
610 4462 663 4550 qui
687 4476 805 4549 partem
832 4460 982 4547 Bithyniae
1006 4470 1152 4533 tenebat:
1188 4490 1295 4533 eornm

163 4576 293 4645 mint
306 4577 404 4664 uperi
416 4572 682 4659 sedemzyboes
693 4587 751 4659 est,
765 4572 967 4664 Bithyniaque
981 4577 1089 4665 omnis,
1108 4578 1160 4646 tle
1172 4586 1296 4645 western
