3200 5509
319 561 375 616 142
670 547 705 606 C.
725 545 921 606 CORNELII
940 544 1075 604 TAClTl
1218 550 1256 605 A.
1271 547 1310 608 U.
1322 548 1356 608 C.
1369 555 1441 618 772.

313 715 341 754 “
357 703 563 780 mandaverit
578 701 741 799 exsequi:
765 699 896 774 flebunt
920 695 1166 772 Germanicum
1185 697 1288 772 etiam
1307 699 1435 800 ignorit

314 829 340 866 ‘⁶
355 818 563 894 vindicabitis
577 841 653 906 vos,
667 817 695 889 si
710 841 766 888 me
782 815 898 912 potino
909 813 1018 911 quim
1033 811 1206 886 fortunam
1216 839 1331 888 meam
1344 813 1436 890 fove-

312 943 339 980 “
353 936 448 1010 batis.
500 931 678 1006 Ostendite
693 932 821 1028 populo
849 929 1008 1002 Romano
1022 927 1090 1002 divi
1113 927 1263 1026 Augusti
1285 947 1433 1026 neptem,

311 1058 337 1094 ‘⁶
353 1050 574 1146 eamdemque
590 1047 772 1143 conjugem
788 1067 921 1118 meam:
937 1059 1111 1116 numerate
1126 1067 1189 1117 sex
1204 1041 1341 1116 liberos.
1370 1045 1436 1118 bli-

309 1173 337 1209 “
352 1162 533 1237 sericordia
558 1185 639 1234 cum
661 1157 915 1233 accusantibus¹
941 1158 1027 1230 erit:
1064 1157 1339 1256 fingenubueque
1364 1183 1437 1230 oce·

309 1285 337 1323 “
352 1279 434 1351 lesta
449 1277 618 1364 mandata,
632 1291 691 1348 aut
706 1298 776 1346 non
795 1275 936 1348 credent
949 1273 1115 1360 homines,
1140 1289 1199 1344 aut
1225 1296 1297 1344 non
1321 1271 1434 1370 ignos-

308 1401 336 1436 “
351 1393 466 1465 cent.’'
514 1391 675 1464 duravere
690 1389 801 1478 amici,
817 1392 974 1462 dextram
989 1386 1162 1460 morientis
1176 1387 1431 1485 contingentes,²

306 1515 336 1550 “
350 1505 504 1602 spiritum
518 1503 596 1577 ante
614 1501 719 1600 quim
733 1503 897 1576 ultionem
911 1502 1128 1576 amissurum

357 1740 415 1811 72.
441 1735 533 1804 Tum
551 1731 594 1804 ad
611 1755 756 1804 uxorem
772 1755 902 1819 versus,
927 1737 1032 1827 “per
1057 1729 1256 1804 memoriam
1284 1726 1351 1821 sui,
1371 1753 1434 1826 per

309 1855 548 1944 “communes
571 1845 719 1918 liberos”
737 1844 857 1937 oravit,
877 1851 1061 1916 “exueret
1079 1841 1253 1934 ferociam,
1282 1843 1431 1918 saevienti

309 1969 335 2004 “
350 1959 497 2032 fortunae
525 1958 734 2030 submitteret
761 1957 934 2047 altimum,
973 1983 1041 2030 neu
1068 1983 1221 2057 regressa
1246 1959 1284 2030 in
1313 1961 1431 2031 urbem

308 2072 563 2147 “aemulatione
583 2072 741 2168 potentiae
768 2071 946 2145 validiores
967 2071 1154 2145 inritaret.”
1203 2075 1293 2146 Haec
1309 2074 1431 2170 palm,

306 2205 341 2262 et
355 2187 419 2260 alia
444 2186 589 2275 secretb‚
615 2211 677 2283 per
692 2210 770 2284 quae
795 2185 974 2260 ostendere
999 2187 1200 2260 credebatur
1226 2203 1361 2260 metum
1385 2211 1430 2259 ex

307 2295 456 2376 Tiberio.
521 2303 644 2398 Neque
673 2301 781 2375 multo
809 2301 889 2397 pbst
919 2300 1141 2398 extinguitur,
1171 2300 1303 2399 ingenti
1338 2301 1432 2374 luctu

305 2417 488 2513 provinciae
512 2433 545 2489 et
570 2415 878 2514 circumjacentium
905 2417 1122 2512 populorum.
1171 2416 1355 2490 Indoluere
1373 2441 1431 2489 ex-

306 2547 390 2604 terae
404 2531 554 2604 nationes
571 2555 757 2628 regesque3
783 2547 876 2602 tanta
899 2531 1108 2606 illi'comitus
1132 2532 1169 2604 in
1191 2531 1315 2620 socios,
1338 2554 1431 2602 man·

306 2644 452 2718 suetudo
467 2643 502 2716 in
517 2645 629 2718 hostes
641 2673 651 2734 ς
678 2645 821 2741 visuque
835 2647 995 2720 etauditu
1007 2651 1108 2746 juxta
1119 2645 1331 2734 venerabilis,
1346 2645 1430 2717 cum

308 2755 573 2862 magnitudinem
595 2775 628 2830 et
648 2757 846 2855 gravitatem
866 2781 1011 2836 summae
1030 2759 1179 2834 fortunae
1192 2759 1366 2847 retineret,
1380 2759 1430 2830 in·

307 2869 432 2942 vidiam
446 2887 479 2942 et
495 2871 725 2968 adrogantiam
740 2871 933 2972 effugerat³

354 3105 413 3175 te.
438 3099 568 3170 Funus
597 3099 668 3173 sine
683 3101 910 3200 imaginibus⁴
933 3121 968 3176 et
991 3073 1131 3201 pompi‚
1159 3129 1222 3200 per
1246 3104 1375 3193 laudes,
1393 3120 1430 3176 et

305 3211 503 3284 memoriam
517 3213 681 3287 virtumm
706 3219 777 3315 ejus
800 3220 933 3292 celebre
960 3217 1036 3292 suit.
1084 3219 1131 3291 Et
1157 3234 1253 3291 erant
1274 3218 1333 3314 qui
1359 3215 1428 3289 for-

304 3349 408 3416 mam,
428 3341 573 3416 aetatem‚
601 3352 710 3428 genus
730 3332 862 3420 mortis,
885 3334 931 3406 ob
954 3333 1238 3430 propinquitatem
1259 3332 1360 3405 ettam
1379 3331 1428 3404 lo·

304 3563 409 3630 questu.
449 3557 538 3628 lusui,
567 3557 626 3618 sine
653 3560 681 3617 vi
699 3567 728 3618 et
743 3560 839 3638 operi,
893 3563 965 3622 laus.
1004 3565 1050 3624 ltu
1069 3583 1184 3640 quoque
1207 3561 1276 3633 Dio,
1297 3580 1376 3622 nvn.
1396 3581 1426 3637 p.

304 3635 395 3710 qualis
409 3635 506 3694 deceat
526 3637 646 3716 ignotos,
666 3639 791 3700 imbelles
810 3657 839 3703 et
892 3639 961 3702 615.
1000 3640 1086 3699 ’Aul
1108 3639 1226 3699 conulm
1246 3643 1327 3706 ilarii,
1341 3640 1425 3700 bue

304 3711 424 3788 timidos,
437 3734 590 3794 eorumque
601 3735 658 3775 esso
669 3718 764 3779 soleat.
890 3745 943 3792 yur
955 3723 1002 3778 τόι
1010 3719 1116 3785 πάππε,
1130 3715 1297 3800 ὕπίξίμμί
1307 3743 1334 3776 τι
1346 3724 1376 3783 ἀς
1385 3719 1425 3777 rb

252 3827 258 3840 ·
891 3799 1117 3879 ὃςὸςξιωιῦτᾷ
1128 3796 1213 3874 rim,
1233 3795 1276 3858 ὅτ’
1290 3799 1363 3864 aev'ric
1382 3793 1425 3856 ὑπ’

342 3870 578 3936 ¹Aecusoatidus.
618 3877 689 3936 Haec
697 3895 839 3936 recensen-
889 3877 971 3942 hilm
987 3873 1109 3956 latoldo·
1149 3877 1207 3936 Sed
1224 3887 1258 3936 at
1275 3878 1425 3936 mutu

303 3959 353 4021 tes,
371 3969 534 4013 accusantes
550 3953 664 4028 scelera,
683 3957 840 4015 misericor·
889 3959 986 4029 douai,
999 3959 1221 4036 quodpouciaea
1241 3958 1314 4016 omni
1332 3975 1425 4014 meno·

302 4030 379 4088 diurn
392 4036 611 4094 commovebitis.
890 4037 935 4095 rit
942 4037 1423 4118 cortigitmcquecootrafomnon,

341 4105 356 4134 ²
378 4111 514 4171 Destruit·
553 4115 694 4178 morimlic
732 4116 839 4172 contin·
889 4116 944 4193 qod
963 4118 1100 4186 utebatur,
1123 4117 1250 4194 peccavit
1274 4118 1423 4194 quicqum,

298 4198 405 4279 gfatea.
436 4192 468 4248 In
481 4191 580 4267 pignus
595 4193 669 4262 fidei,
682 4211 836 4270 quammo-
888 4215 974 4272 aeque
997 4195 1055 4272 ipre
1078 4197 1112 4252 ol
1138 4195 1171 4254 cd
1203 4205 1350 4273 corruptus
1373 4203 1422 4254 or.

299 4269 833 4330 neatidetnrnlallereoummumnelus.
890 4275 1423 4345 PluraSuetoniusinCuio,1rr.ivetv.

299 4345 454 4406 Morientes
476 4349 562 4406 etium
581 4351 681 4408 amicis
705 4352 833 4409 dextrum
927 4350 1204 4434 ‘Siaeimogiailuc
1244 4354 1424 4423 Quiaexter·

298 4444 379 4484 auum
393 4427 540 4506 porrigere,
556 4431 709 4488 observant
732 4430 833 4514 interp.
888 4452 937 4492 nas
950 4434 1121 4510 intergentes
1128 4441 1267 4492 mortuus.
1288 4433 1423 4510 Imagines

298 4505 373 4564 Vide
384 4507 515 4582 Xenopb.
529 4508 563 4566 de
576 4508 662 4584 Cyro,
675 4526 747 4568 vm.
760 4515 789 4576 7.
889 4513 987 4571 Rome
993 4514 1218 4570 asservabantur.
1243 4515 1289 4570 De
1301 4512 1344 4570 bis
1355 4516 1424 4569 ima-

337 4580 349 4615 ³
363 4585 501 4646 Invidiam
523 4595 550 4646 et
562 4587 752 4664 adrogantium
766 4589 834 4662 effu·
887 4593 998 4669 ginibus
1010 4592 1211 4669 ogregiahubet
1223 4593 1367 4668 Polybius,
1377 4609 1422 4647 vr.

204 4725 207 4728 ,
294 4672 387 4741 gerat,
438 4665 611 4738 Brevissima,
643 4668 690 4726 sed
723 4669 832 4746 egregia
887 4693 917 4750 p.
928 4677 997 4740 495.
1011 4673 1125 4730 Videet
1138 4672 1273 4747 Plinium,
1284 4690 1385 4730 xxxv.
1393 4675 1422 4728 2.
