3200 5509
273 424 275 429 *
319 473 379 537 286
657 465 693 535 Θ.
713 472 1066 539 consummem
1221 480 1259 537 Α.
1274 477 1312 537 U.
1326 478 1359 537 C.
1371 470 1448 547 77¹6.

366 642 402 705 8.
425 630 567 705 Istrus
584 628 726 726 Sejanus
740 626 980 701 manu-undum
994 642 1102 715 ranis,
1122 626 1240 725 deligit
1257 652 1447 717 venentun,

310 768 387 842 ¹qno
402 744 559 843 paulatim
574 742 760 837 inrepente,
775 738 936 815 fortuitus
946 742 1087 813 morbus
1102 741 1382 815 adsimularetur:
1404 742 1444 815 id

308 858 433 935 Druso
449 858 565 929 datum
580 878 641 951 per
656 854 818 952 Lygdum
836 853 1035 947 spadonem,
1059 870 1099 924 ut
1119 870 1199 927 octo
1219 872 1299 949 post
1312 858 1443 929 annos¹

179 972 184 983 '
316 971 490 1069 cognitum
515 986 576 1043 est.
626 968 793 1043 Ceterum
821 967 978 1041 Tiberius
1006 991 1068 1062 per
1094 990 1214 1040 omnes
1241 968 1447 1043 messinis

315 1088 387 1183 ejus
402 1084 485 1171 dies,
500 1082 597 1155 nullo
612 1098 719 1169 metu,
740 1104 784 1153 sn
805 1097 844 1152 ut
864 1078 1107 1152 firmitudinem
1121 1080 1224 1153 animi
1245 1098 1448 1171 ostentaret,

314 1197 414 1275 etism
426 1193 600 1282 defimcto,
616 1195 764 1267 necdum
778 1193 924 1289 sepulto,
939 1192 1336 1291 curiamingressusest:
1360 1220 1447 1269 con·

308 1312 484 1409 soleque,
499 1310 579 1383 sede
595 1306 752 1405 vulgari*
770 1331 838 1403 per,
851 1305 1000 1401 speciem
1013 1306 1181 1379 moestitiae
1195 1309 1365 1397 sedentes,
1378 1310 1442 1381 bo·

308 1425 406 1499 noris
426 1424 559 1519 locique
582 1420 780 1510 admonuit3
805 1419 1003 1495 eteffusum
1026 1420 1064 1494 in
1084 1421 1250 1518 lacrymns
1269 1440 1441 1510 matum,

313 1538 403 1613 vieto
418 1536 560 1636 gemitu,
575 1534 674 1609 simul
696 1532 849 1631 oratipne
864 1530 1024 1607 continui
1043 1533 1165 1617 erexit.
1215 1542 1241 1578 “
1256 1536 1343 1609 Non
1365 1534 1445 1633 qui·

309 1660 341 1715 .“
356 1652 436 1725 dem
451 1648 513 1726 sibi
530 1649 700 1747 ignarum,
720 1672 819 1744 posse
833 1649 943 1747 argui,
964 1648 1061 1745 quod
1081 1666 1151 1721 tstn
1175 1648 1303 1722 recenti
1317 1650 1443 1721 dolore

314 1774 341 1810 ‘⁶
356 1763 493 1839 subierit
508 1762 625 1837 oculos
639 1763 798 1845 seusttls:
824 1762 882 1835 vix
897 1762 1169 1859 propinquorum
1184 1762 1343 1858 adloquia
1353 1764 1442 1835 tole

313 1887 339 1925 “
354 1879 433 1967 ruti,
453 1877 512 1951 vix
533 1875 624 1949 diem
644 1874 745 1973 aspici
762 1874 782 1947 ὲ
807 1874 977 1971 plerisque
992 1874 1204 1973 lugentium:
1228 1899 1343 1973 neque
1359 1876 1442 1960 illos

311 1989 584 2065 “imbecillitatis
610 1990 840 2079 damnandum
883 2014 919 2075 se
948 2004 1061 2063 nmen
1091 1987 1233 2064 fortiora
1259 1991 1377 2065 solatia
1417 1991 1440 2062 ὲ

307 2114 337 2171 .“
352 2106 534 2200 complexu
550 2104 742 2199 reipublicae
754 2104 946 2201 petivisse?
983 2104 1232 2201 Miseratusque
1257 2111 1282 2146 “
1294 2108 1440 2202 Augus·

310 2228 336 2265 “
351 2236 396 2293 tae
411 2236 598 2293 extremam
617 2234 797 2307 senectam,
820 2220 942 2301 rudem
962 2220 1075 2293 adbuc
1098 2222 1287 2314 nepotum,3
1312 2234 1441 2291 etser-

306 2341 335 2377 “
350 2348 486 2432 gentem
503 2348 635 2404 etatem
647 2354 755 2421 suam,
778 2349 817 2403 ut
833 2331 1030 2405 Germanici
1045 2330 1153 2421 liberi,
1173 2332 1271 2405 unica
1284 2355 1441 2429 praesen·

308 2454 334 2491 “
350 2447 435 2519 tium
451 2445 618 2517 malorum
631 2446 832 2535 levamenta,
846 2446 1128 2535 inducerentur‚”
1139 2444 1265 2543 petivit.
1293 2444 1439 2544 Egresu

306 2560 461 2632 consules
476 2560 626 2631 firmatos
638 2560 796 2657 adloquio
808 2560 1090 2651 adolescurtulos,
1105 2560 1337 2655 deductosque
1354 2575 1439 2631 unte

307 2676 479 2749 Caesarem
510 2688 670 2745 statuunt.
727 2674 864 2767 Quibus
890 2674 1120 2770 adprehensis,
1154 2681 1180 2716 “
1199 2668 1318 2747 Patres
1350 2696 1436 2745 con·

306 2792 332 2827 “
348 2784 474 2881 scripti,
490 2784 591 2871 hos‚''
608 2785 729 2882 inquit,
746 2795 773 2830 ‘⁴
788 2790 924 2861 orbatos
935 2805 1087 2885 parente,
1102 2786 1223 2859 nndidi
1237 2804 1361 2883 patruo
1381 2787 1434 2884 ip

306 2902 333 2941 “
348 2902 494 2987 sorum,⁴
517 2916 738 2996 precatusque
760 2924 851 2990 sum,
878 2926 1086 2998 quamquam
1111 2917 1197 2974 esset
1220 2900 1269 2973 illi
1292 2901 1434 2999 propriu

306 3019 332 3055 “
346 3012 491 3099 soboles,
515 3034 559 3084 ne
570 3036 667 3085 secus
679 3014 784 3110 quim
797 3039 900 3088 suum
915 3015 1114 3113 sanguinem
1130 3012 1261 3087 foveret
1276 3038 1316 3087 ac
1332 3014 1432 3087 tolle·

260 3218 263 3225 .
305 3131 331 3167 ‘⁶
346 3124 594 3221 ret,sibique‚et
606 3126 747 3223 posteris
760 3125 1001 3201 conformaret.
1025 3128 1154 3225 Erepto
1165 3128 1297 3217 Druso,
1309 3152 1432 3227 preces

303 3247 329 3285 ‘⁶
344 3240 387 3313 ad
408 3263 469 3311 vos
493 3256 668 3328 converto,
688 3238 832 3339 Diisque
852 3258 887 3315 et
901 3239 1008 3337 panii
1028 3258 1144 3316 corum
1167 3243 1331 3329 obtestor,
1355 3245 1433 3313 Au·

302 3358 327 3396 “
341 3351 430 3452 gusti
445 3370 662 3451 pronepotes,
686 3352 875 3429 clarissimis
895 3354 1079 3455 majoribus
1101 3352 1234 3455 genitos
1257 3354 1431 3451 suscipite,

349 3602 361 3631 ¹
389 3604 458 3665 Octo
474 3610 542 3683 post
559 3622 653 3665 nonos.
682 3606 718 3667 A.
739 3606 776 3667 U.
798 3610 833 3678 C.
893 3620 960 3678 tam,
973 3606 1070 3665 rudem
1091 3606 1187 3665 adbuc
1207 3615 1342 3686 nepotum
1362 3618 1429 3667 ceto·

301 3688 368 3752 nst.
396 3705 453 3761 quo
476 3682 567 3743 scelus
598 3704 648 3762 per
670 3688 832 3763 Apicatam,
893 3700 959 3757 tunt,
972 3698 1091 3745 etsusm
1105 3702 1271 3762 vergentem.
1311 3688 1427 3754 Rudent,

300 3766 393 3840 Scjsni
419 3783 546 3835 uxorem,
565 3776 594 3822 ot
613 3767 755 3823 tormentis
775 3768 832 3825 liu·
891 3768 921 3825 id
940 3778 990 3838 est,
1011 3765 1296 3837 nondum‘udultnm
1314 3779 1343 3823 ct
1361 3766 1429 3823 unis

299 3845 371 3901 dumi
390 3862 424 3901 sc
445 3844 533 3923 Lygdi
547 3845 719 3921 putet'uctum
735 3858 784 3905 cst.
799 3857 832 3904 ut
892 3846 1022 3923 regnandi
1036 3846 1144 3903 rudem.
1183 3848 1210 3903 A
1224 3846 1325 3904 ceteris
1338 3846 1426 3901 omni·

210 3970 213 3973 .
299 3922 410 3981 dicetur
429 3923 502 3980 inl'm
526 3940 590 3999 cap.
617 3931 662 3981 11.
707 3924 780 3983 Vide
801 3934 831 3983 et
892 3926 944 3983 bus
969 3924 1138 3994 dissentiens,
1163 3923 1271 3981 Illustr.
1303 3926 1426 3982 lluotius

300 4000 536 4071 Dionem,1.v111.
549 4021 578 4079 p.
591 3998 660 4061 628.
688 4002 749 4061 Nos
760 4023 832 4081 quo-
890 4006 932 4061 itn
944 4004 1085 4080 explicat:
1101 4004 1257 4081 Augustum
1271 4006 1365 4061 rudem
1377 4006 1426 4061 nd-

297 4100 354 4156 qne
374 4080 496 4139 diximus
514 4082 543 4138 in
564 4082 658 4159 suppl.
679 4082 783 4141 Annul.
799 4102 830 4141 v.
891 4083 943 4143 luc
955 4091 1088 4157 nepotum,
1113 4082 1213 4155 idest,
1234 4102 1296 4157 qun
1308 4082 1424 4139 nondun

296 4167 346 4219 ⁴4.
890 4171 1013 4239 nepotum
1016 4162 1166 4241 funeribus
1178 4162 1322 4219 assuevisse
1327 4169 1350 4219 t.
1375 4162 1425 4217 So·

338 4235 350 4263 ²
367 4236 437 4297 Sede
448 4238 567 4317 vulgari.
590 4240 622 4299 ln
642 4240 705 4301 imis
723 4250 831 4299 senato·
891 4242 946 4300 lum
960 4240 1028 4297 euim
1048 4240 1239 4299 Germanicum
1253 4248 1319 4299 tuuc
1330 4241 1426 4296 aunse-

297 4338 360 4377 rum
374 4318 521 4389 subselliis,
541 4339 595 4376 non
609 4321 674 4378 rori>
689 4322 717 4379 in
730 4310 831 4379 consu·
890 4328 948 4379 rut.
1000 4320 1085 4389 Quod
1106 4338 1142 4377 on
1164 4321 1300 4396 cuiqnam
1318 4320 1355 4375 sit
1374 4338 1424 4395 sp-

297 4397 357 4457 lum
371 4398 444 4465 sodo,
458 4418 521 4475 quae
533 4400 688 4457 sublimior.
889 4400 1172 4477 probntnrusmscio.
1272 4465 1278 4477 .

336 4472 347 4506 ³
368 4476 472 4537 Rudent
485 4478 572 4537 adduc
585 4488 720 4555 nepotum.
744 4478 831 4537 Misc-
920 4476 1055 4537 ‘Panno
1065 4478 1194 4553 ipsorum.
1206 4478 1310 4549 Drino,
1319 4486 1423 4555 patruo

296 4566 372 4616 ratus
396 4560 531 4635 Augusta·
556 4568 709 4618 extremum
737 4578 830 4617 scncc·
889 4556 1047 4636 adoptionis
1055 4558 1130 4633 jure,
1143 4576 1199 4648 nou
1212 4577 1250 4615 rc.
