3200 5509
662 442 929 517 amomo:
1312 443 1362 517 lii

223 688 274 743 ex
293 658 496 743 veteribus
528 652 792 763 scriptoribus
811 653 1169 763 monumentisque
1186 678 1355 763 compo·

218 804 297 899 sui,
326 800 440 911 quod
474 798 672 881 hactenus
703 794 762 875 ab
791 794 959 876 eruditis
978 796 1071 875 viris
1089 806 1177 877 erat
1195 794 1354 877 desido-

223 957 371 1041 ratum‚
388 944 432 1027 et
449 940 475 1023 a
494 940 656 1021 nemine
674 937 772 1017 satis
792 937 1029 1043 praestitum.
1056 936 1166 1019 Tum
1185 952 1355 1044 quoque

223 1115 289 1169 me
307 1085 440 1196 piguit
462 1082 682 1189 Dialognm
703 1076 755 1157 de
771 1074 1016 1159 Oratoribus
1034 1106 1086 1159 ex
1117 1083 1269 1185 magne
1286 1078 1355 1161 sui·

220 1240 337 1339 parte
357 1243 546 1309 truncum
565 1222 794 1329 reliquisse:
823 1232 979 1327 partem
1010 1222 1122 1301 illam
1147 1221 1349 1329 supplevi,

204 1358 266 1455 'ut
284 1370 440 1481 plenior
457 1366 690 1478 gratiorque
707 1374 834 1468 atque
854 1364 989 1443 utilior
1006 1364 1083 1471 legi
1098 1375 1233 1470 posset
1246 1361 1350 1444 Dia·

216 1518 332 1625 lngus
366 1514 436 1622 qui
468 1512 523 1590 ob
553 1506 809 1617 elegantiam,
851 1506 1186 1600 concinnitatem,
1220 1503 1354 1585 decu-⁸

216 1672 526 1761 meritorumque
558 1646 922 1757 opportunitatem,
970 1646 1076 1727 inter
1100 1645 1347 1753 praestantis·

208 1802 319 1884 sima
336 1794 590 1906 antiquitatis
610 1816 731 1899 opera
751 1814 911 1898 semper
928 1787 1273 1869 adnumerabitur.
1345 1838 1349 1844 ·
1492 1886 1499 1895 Ι

272 2082 397 2164 Nulla
407 2081 494 2191 jam
512 2074 646 2157 'l'aciti
677 2098 771 2181 pars
796 2070 935 2151 hiulca
962 2072 1226 2151 remanebatt
1255 2068 1343 2149 ani·

213 2254 324 2309 mum
344 2227 485 2330 itaque
502 2216 700 2328 applicui,
728 2226 775 2295 ut
794 2213 923 2294 altera
953 2213 1042 2294 lraec
1074 2212 1202 2293 editio
1226 2210 1350 2291 novis-

211 2394 380 2479 quoque
395 2358 741 2446 dissertationibus
757 2354 1031 2438 illustraretur.
1061 2352 1229 2435 Veteres
1243 2343 1341 2461 ergo

212 2512 423 2595 Gallorum
444 2506 588 2615 glorias
606 2502 752 2583 Tacito
772 2500 995 2581 celebratas
1015 2496 1214 2605 explicavi
1271 2492 1341 2575 De

208 2652 417 2748 eunuchis,
459 2673 632 2759 quorum
664 2672 747 2727 non
778 2644 819 2723 in
852 2640 1023 2723 Oriente
1055 2637 1231 2732 tontum,
1266 2632 1339 2715 sed

207 2796 320 2909 apud
353 2794 559 2876 Romanos
589 2788 727 2882 etiarn,
756 2780 1046 2864 validissimum
1063 2778 1141 2861 fuit
1172 2794 1342 2873 nomen,

208 2967 315 3023 nova
333 2951 377 3019 et
394 2932 562 3015 eruditis
581 2929 673 3009 viris
692 2926 877 3008 nondum
897 2924 994 3003 satis
1016 2932 1227 3029 perspecta
1245 2944 1338 3027 pro-

208 3081 294 3163 tuli.
327 3076 498 3184 thuae
512 3072 564 3153 de
578 3070 720 3151 Romae
735 3063 1336 3174 magnitudineincolarumque

206 3247 375 3306 numero
405 3214 514 3325 priris
532 3214 728 3304 dixeram,
755 3208 899 3287 illustri
918 3204 1107 3311 exemplo
1124 3202 1336 3283 confirma·

207 3392 304 3461 rem,
332 3356 522 3469 inquisivi
554 3355 596 3435 in
618 3348 761 3460 populi
780 3346 1050 3454 frequentiam
1068 3343 1179 3451 apud
1202 3341 1339 3438 Sinas,

204 3508 405 3616 hujusque
424 3507 549 3579 tantae
569 3488 807 3599 frequentiae
823 3514 980 3569 causas.
1036 3485 1151 3579 Quae·
1165 3483 1218 3565 de
1232 3508 1336 3563 aera-

96 3644 97 3649 ¹
205 3651 278 3743 rio,
318 3645 371 3727 de
400 3640 560 3722 tributis
593 3632 941 3741 vectigalibusque
978 3628 1120 3737 populi
1154 3622 1332 3709 Romani

206 3790 303 3884 ante
321 3788 554 3877 docueram,
581 3775 873 3860 additamentis
892 3769 1141 3853 confirmavi.
1177 3766 1331 3847 Pueros

205 3932 442 4043 puellasque
479 3922 683 4032 Ulpiaoos
721 3915 1007 4010 alimentarias,
1051 3906 1333 4019 praestantissi-

202 4099 316 4156 mum
335 4072 590 4178 dignumque
608 4064 766 4171 optimo
782 4059 972 4166 Principe
989 4054 1235 4147 institutum,
1256 4075 1329 4156 pro

203 4218 259 4298 rei
294 4210 491 4323 dignitate
519 4225 561 4291 et
592 4206 780 4299 utilitate,
809 4228 905 4283 cum
931 4194 1204 4288 celeberrima,
1232 4218 1327 4300 quae

202 4368 328 4456 extat,
389 4352 674 4472 inscriptione,
733 4345 948 4455 diligenter
1001 4335 1183 4448 exposui.
1258 4332 1327 4415 De
